2752 4806
589 401 786 462 ..9-

129 594 267 653 credibile
302 595 353 665 sit,
404 610 481 661 eum,
532 593 580 664 qui
616 593 738 650 Asinum
779 593 975 665 ,Lucianeum‘
1018 593 1246 666 amplificandum

130 694 187 750 sibi
217 691 412 764 proposuerit,
445 706 541 747 rerum
575 690 750 748 mirabilium
781 691 866 747 nimis
896 690 1053 749 studiosum
1083 689 1171 749 fuisse
1202 693 1247 750 vel

131 792 223 861 ipsum
258 805 306 846 eas
334 788 497 847 credidisse.
543 787 624 861 Quae
659 804 722 845 cum
756 787 799 844 ita
830 788 900 856 sint,
936 804 992 846 non
1019 788 1138 856 mirum,
1174 789 1247 858 quod

132 903 229 944 omnes
261 885 323 944 fere
354 886 410 945 viri
442 885 521 943 docti
544 889 637 943 totam
666 886 741 943 hanc
769 891 927 942 extremam
947 884 1047 943 Photii
1077 887 1245 943 sententiam

128 991 162 1041 ut
182 1000 347 1056 perversam
368 987 418 1040 aut
439 984 529 1041 tacite
549 984 736 1055 neglexerunt
757 989 809 1040 aut
829 982 938 1054 apertis
964 982 1058 1041 verbis
1071 983 1245 1042 reiecerunt.

128 1080 210 1138 Unus
242 1097 304 1138 eam
330 1081 451 1139 retinuit
471 1079 609 1138 Rohdeus
636 1096 724 1151 eaque
750 1081 815 1153 ipsa
835 1079 915 1137 velut
935 1078 1084 1138 Ariadnae
1106 1078 1155 1137 filo
1176 1098 1245 1139 usus

129 1178 216 1235 110110
248 1177 377 1235 omnibus
402 1193 439 1234 ex
460 1176 677 1234 difficultatibus
699 1193 729 1234 se
751 1177 886 1249 expedire
907 1193 991 1248 posse
1013 1178 1068 1235 sibi
1088 1178 1165 1252 pisus
1187 1182 1240 1236 est.

131 1276 187 1346 Qui
217 1279 249 1331 ut
276 1291 339 1332 cam
362 1290 425 1330 cum
446 1273 543 1345 priore
565 1273 616 1330 illo
638 1274 673 1330 de
695 1274 834 1331 librorum
855 1274 1042 1330 similitudine
1063 1274 1126 1331 1000
1148 1275 1245 1333 eonci-

131 1373 226 1442 liaret,
250 1372 324 1427 hanc
344 1369 461 1426 tertiam
482 1369 518 1426 de
539 1370 650 1426 ratione
675 1370 752 1427 int-er
765 1370 888 1427 Lucium
913 1374 942 1427 et
956 1369 1136 1441 ,Lucianum‘
1155 1372 1245 1428 inter-

133 1468 252 1524 cedente
273 1467 357 1523 fluxit
378 1466 559 1534 sententiam,
580 1472 614 1524 ut
633 1466 756 1523 Luciani
775 1466 880 1523 librum
901 1466 986 1524 Lucii
1001 1465 1247 1538 parodiamfuisse

130 1569 270 1622 censeret.
314 1563 413 1621 Facile
440 1563 514 1621 euim
534 1564 597 1620 fieri
618 1565 759 1635 potuisse,
791 1567 825 1620 ut
848 1563 932 1621 Lucii
956 1563 1106 1621 historiam
1130 1579 1246 1634 gravem

130 1662 210 1719 illam
232 1667 262 1719 et
282 1677 411 1719 severam
432 1662 531 1734 paucis
552 1662 649 1720 verbis
670 1662 788 1719 mutatis
808 1662 955 1719 Lucienus
975 1661 1099 1718 iocosam
1114 1660 1247 1719 redderet

128 1765 158 1816 et
189 1758 364 1833 ironicam.¹)
404 1757 448 1816 At
474 1776 538 1817 mea
559 1759 671 1829 quidem
692 1758 837 1816 sententia
856 1759 961 1815 Asinus
982 1758 1163 1829 ‚Lucianeus‘
1185 1761 1245 1815 tam

128 1856 184 1913 sibi
216 1860 349 1913 constans
391 1862 435 1914 est
470 1857 500 1913 in
542 1856 635 1913 ironia
672 1855 724 1912 illa
753 1855 863 1926 lepida,
897 1871 980 1925 quam
1012 1855 1086 1920 dixi,
1128 1856 1158 1911 in
1189 1869 1245 1911 uno

129 1969 241 2023 quoque
267 1953 327 2010 fere
348 1970 433 2011 versu
454 1953 629 2025 conspicue,¹
652 1957 686 2009 ut
712 1952 895 2011 nullomodo
921 1952 1044 2022 cogitari
1068 1952 1159 2022 possit
1180 1967 1244 2009 eum

132 2051 186 2108 tali
216 2051 329 2109 ratione
362 2051 551 2123 compositum
584 2066 658 2120 esse,
691 2055 724 2107 ut
754 2051 848 2107 alieno
874 2049 955 2121 operi
980 2065 1080 2106 severo
1105 2049 1246 2120 gravique

132 2149 206 2205 elius
237 2149 361 2220 scriptor
391 2149 464 2206 sales
485 2149 622 2219 quosdam
644 2149 787 2205 insereret
806 2149 949 2216 verbaque
970 2147 1106 2203 nonnulla
1127 2147 1163 2203 ad
1178 2146 1247 2203 ridi·

132 2247 226 2302 culum
239 2245 432 2316 detorqueret.
455 2247 520 2304 Hac
534 2247 608 2304 enim
620 2245 733 2303 ratione
748 2246 773 2303 si
786 2262 855 2302 usus
869 2249 953 2315 esset,
968 2261 1025 2302 non
1038 2244 1134 2316 potuit
1148 2243 1246 2300 hercle

130 2342 245 2400 libellus
271 2342 394 2400 evadere
419 2346 479 2399 tam
504 2343 658 2400 concinnus
679 2346 795 2413 tamque
815 2342 1000 2413 resplendens
1022 2357 1110 2410 usque
1132 2356 1244 2411 quaque

130 2439 242 2498 festivis
267 2439 428 2512 leporibus,
463 2440 549 2497 immo
576 2437 1071 2498 011111101001101001Ηο111010
1093 2438 1244 2495 1110110111

128 2537 216 2594 strosi
236 2537 304 2594 libri
326 2537 469 2609 exemplo.

208 2635 302 2706 Quare
336 2652 400 2692 cum
434 2636 465 2693 in
499 2635 584 2708 pleno
618 2635 733 2693 illorum
768 2634 889 2691 duorum
922 2633 1063 2691 librorum
1094 2647 1243 2700 consensu,

130 2732 156 2788 si
176 2732 296 2789 Asinum
311 2733 580 2805 Metamorphoseon
600 2732 750 2804 perediam
771 2747 834 2788 esse
855 2736 985 2789 statuere
1004 2731 1085 2798 velis,
1107 2729 1188 2786 illum
1209 2745 1244 2786 ex

129 2830 276 2888 severiore
298 2846 385 2902 opere
406 2831 602 2889 minutissimis
623 2830 793 2900 quibusdam
814 2828 1022 2886 mutationibus
1038 2827 1167 2885 effectam
1182 2842 1244 2884 esse

128 2942 193 2983 cum
213 2925 335 2984 Rohdeo
356 2944 463 3000 ponere
485 2928 599 2999 debeas,
622 2928 711 2984 talem
732 2930 829 2983 autem
851 2926 991 2997 originem
1012 2924 1076 2997 ipsa
1089 2924 1171 2981 Asini
1192 2941 1244 2981 na-

129 3029 197 3080 tura
218 3029 248 3081 et
267 3023 379 3082 indoles
400 3024 504 3082 reiciat
525 3029 612 3095 atque
633 3023 811 3093 reformidet,
834 3026 934 3093 aperte
956 3026 1051 3078 actum
1073 3026 1116 3087 est
1132 3021 1166 3078 de
1181 3026 1245 3078 tota

127 3121 179 3177 illa
199 3121 319 3191 parodia
339 3126 368 3178 et
388 3121 460 3179 haec
480 3135 591 3191 quoque
612 3120 688 3178 ratio
710 3119 808 3178 Photii
829 3119 988 3177 sententiae
1009 3124 1156 3175 extremae
1178 3133 1243 3175 cum

128 3216 224 3289 priore
255 3217 317 3275 eius
348 3217 383 3274 de
404 3217 491 3275 Lucii
510 3217 689 3287 Luciauique
719 3214 881 3274 fabulorum
913 3215 1102 3272 similitudine
1133 3214 1240 3273 iudicio

129 3314 324 3371 conciliandae
338 3330 456 3386 prorsus
470 3317 514 3371 est
525 3314 660 3371 discussa.
683 3314 778 3385 Atque
790 3329 854 3370 cum
864 3315 961 3385 priore
973 3312 1035 3370 loco
1046 3311 1243 3385 patriarcham

130 3412 178 3468 uel
198 3412 349 3469 mentitum
371 3428 433 3470 esse
452 3412 499 3470 vel
521 3427 635 3469 errasse
649 3411 786 3469 credibile
801 3427 856 3467 non
877 3410 916 3468 sit
930 3407 979 3484 (01.
992 3425 1020 3481 p.
1036 3409 1245 3483 1100000111)

130 3508 267 3580 sequitur,
289 3509 451 3581 posteriore
468 3496 629 3567 'falsissime
650 3525 716 3566 eum
740 3509 881 3566 iudicasse
895 3523 987 3579 neque
1002 3507 1154 3578 quidquam
1171 3507 1243 3564 certi

130 3622 165 3662 ex
186 3621 219 3663 eo
241 3622 324 3677 posse
344 3604 429 3665 011101.

129 3750 341 3759 μ-..

204 3827 223 3892 ¹)
243 3824 340 3879 Rohde
359 3841 386 3894 p.
406 3827 451 3879 ll:
479 3825 584 3879 Sedena
608 3825 780 3879 0101100010
799 3842 839 3892 er,
868 3823 1050 3877 indecorius
1069 3823 1245 3875 ureaentlicbeo

133 3916 181 3967 dea
202 3914 277 3983 Goup
297 3915 344 3967 der
357 3914 509 3984 Eradblonp
527 3914 664 3982 beibebt'elt,
682 3915 741 3966 sebr
758 3914 826 3967 roobl
841 3914 887 3965 wic
900 3915 939 3966 oio
950 3911 1107 3982 qeacbickter
1119 3911 1244 3963 Zeiobaer

130 4004 176 4055 mit
193 4002 292 4056 kleebea
309 4002 430 4071 ecbarfeo
442 4002 561 4056 Striodcn
579 4004 620 4056 die
636 4002 824 4072 Pbyaioqnomie
843 4000 1009 4053 (1001111101
1021 4017 1068 4052 aus
1081 4001 1150 4052 einer
1162 4006 1244 4052 ernst-

131 4092 188 4148 1011
204 4093 351 4156 feierlr'clren
368 4093 396 4143 io
414 4093 467 4145 cine
485 4092 631 4146 0010101101
649 4091 784 4144 ldobelode
802 4089 950 4142 0011000101
967 4128 973 4142 .
