2752 4806
636 372 857 434 -16-

186 565 382 622 narrationem
413 565 505 636 possit
536 562 660 637 proferri
690 568 808 635 praeter
839 565 905 635 hoc,
939 565 1016 634 quod
1042 567 1186 624 sententia
1208 570 1303 624 λυττᾶν

187 659 311 726 δόξαντες
332 683 367 736 με
384 660 444 739 ξίφη
466 661 554 720 πολλὰ
574 661 628 738 ἤδη
650 660 695 720 καὶ
718 660 818 737 λόγχας
841 659 879 717 ἐπ’
897 661 946 735 ἐμὲ
962 660 1112 720 ἐσπάσαντο
1127 664 1163 721 ad
1177 665 1302 735 priorem

187 756 258 815 ἀλλά
280 780 315 832 με
337 760 416 816 τοῦτο
438 759 469 816 τδ
491 758 598 834 κομψὸν
621 757 658 820 εἰς
678 760 793 835 ἔσχατον
814 756 912 833 ἤνεγκε
934 757 1056 817 κινδύνου
1079 761 1139 816 sine
1158 762 1304 833 particula

187 856 304 928 causali,
327 873 399 927 quae
421 862 615 929 exspectatur,
638 855 689 933 γάρ
712 857 825 914 adnexa
846 861 897 914 est.
931 857 1014 914 Unde
1035 859 1150 916 minime
1172 861 1303 916 conicere

186 954 255 1011 licet
285 955 493 1011 sententiarum
525 954 652 1011 ordinem
687 969 720 1010 eo
755 953 818 1010 loco
851 953 1045 1025 interruptum
1072 971 1134 1012 esse
1160 960 1246 1026 atque
1267 972 1303 1012 ex

185 1050 307 1122 Apuleio
339 1051 556 1108 restituendum.
599 1050 689 1107 Immo
722 1056 774 1107 aut
804 1049 949 1120 particula
980 1052 1032 1108 illa
1063 1053 1215 1110 inserenda
1247 1059 1302 1118 cst,
1364 1061 1369 1068 '

187 1147 262 1219 quod
285 1164 348 1205 cum
370 1148 466 1205 multis
487 1148 559 1205 locis
579 1147 663 1204 huius
684 1147 776 1204 libelli
797 1147 906 1217 aliquid
927 1148 1080 1219 exciderit,
1117 1148 1201 1206 facile
1222 1151 1302 1207 credi

184 1249 287 1317 potest,
311 1250 362 1301 aut
382 1243 540 1318 asyndeton
562 1245 637 1302 siout
659 1249 702 1301 est
724 1244 893 1301 seruandum
909 1249 938 1301 ct
952 1245 1093 1302 similibus
1108 1248 1300 1304 constructio-

184 1342 267 1399 nibus
288 1341 502 1400 defendendum.
534 1341 634 1410 Neque
650 1340 753 1397 desunt
767 1340 832 1409 loci,
855 1341 903 1396 ubi
918 1340 1059 1411 asyndeta
1072 1341 1196 1400 fortasse
1212 1343 1300 1400 etiam

184 1439 351 1496 molestiora
371 1440 400 1496 in
414 1440 508 1497 Asino
530 1439 723 1507 inveniantur,
746 1439 820 1495 sicut
839 1438 869 1494 in
890 1438 984 1508 capite
1003 1440 1037 1496 18
1060 1439 1089 1496 in
1103 1440 1200 1498 verbis
1217 1442 1300 1514 ἔγνων

185 1534 225 1593 δτι
257 1536 289 1611 δὴ
322 1535 512 1593 διασπάσονται
543 1557 578 1610 με
605 1533 678 1592 οὗτοι
708 1536 755 1592 vel
775 1537 805 1592 in
827 1552 890 1607 cap.
913 1536 950 1592 38
973 1533 1024 1600 ἔξω
1047 1534 1228 1613 ἐκδραμόντες
1249 1536 1302 1613 ὅλῃ

183 1634 219 1709 τῇ
240 1632 323 1709 κώμῃ
354 1634 394 1708 τῷ
429 1632 499 1709 λόγῳ
531 1633 663 1690 διέδωκαν
685 1633 732 1689 vel
752 1633 781 1688 in
803 1649 864 1704 cap.
888 1633 925 1690 49
949 1630 1126 1707 ἑξελαύνομεν
1148 1632 1236 1691 ἕωθεν
1256 1634 1303 1690 vel

184 1731 214 1787 in
237 1747 299 1802 cap.
317 1733 351 1787 51
377 1729 492 1804 pollictor
513 1730 562 1805 τὴν
584 1730 641 1806 ῥῖνά
664 1752 717 1804 μου
740 1728 833 1807 μύρων
856 1729 1008 1806 ἐνέπλησεν.
1042 1730 1099 1803 Qui
1118 1731 1175 1788 loci
1189 1733 1303 1788 etiamsi

184 1828 247 1885 fere
270 1845 366 1886 omnes
388 1828 509 1885 diversis
530 1843 547 1884 a
568 1828 637 1885 viris
659 1827 752 1885 doctis
773 1828 908 1899 temptati
928 1829 986 1885 sint
1000 1828 1181 1894 coniecturis,
1203 1834 1300 1885 tamen

189 1924 263 1983 alius
284 1926 373 1983 alium
394 1927 464 1983 satis
485 1926 559 1982 tueri
579 1925 722 1983 videntur.
754 1924 838 1983 Unde
858 1926 932 1983 hunc
953 1940 1065 1996 quoque
1079 1925 1172 2006 locum
1186 1942 1305 1996 prorsus

184 2023 324 2080 intactum
346 2023 562 2094 relinquendum
583 2039 643 2080 esse
665 2022 904 2079 verisimillimum
925 2027 977 2080 est.

264 2120 325 2176 lam
347 2120 424 2192 apud
444 2120 600 2192 Apuleium
625 2120 669 2175 ita
694 2120 888 2176 narrationem
908 2118 989 2176 vides
1010 2133 1073 2175 esse
1094 2124 1244 2188 mutatam,
1265 2127 1299 2176 ut

185 2237 217 2278 re
248 2235 317 2276 vera
349 2218 485 2275 convivae
511 2218 622 2274 asinum
645 2216 750 2274 famulo
772 2218 860 2275 alicui
881 2216 1079 2275 abducendum
1101 2216 1250 2274 traderent
1270 2223 1301 2274 et

186 2323 288 2390 postea
309 2316 421 2372 demum
443 2315 543 2372 nuntio
566 2315 600 2372 de
622 2315 701 2371 canis
721 2315 816 2372 rabidi
837 2314 997 2386 irruptione
1018 2315 1107 2371 allato
1123 2331 1187 2371 eum
1201 2331 1299 2387 perse·

185 2416 233 2487 qui
264 2413 478 2471 constituerent.
522 2413 629 2470 Verum
661 2416 758 2470 tamen
789 2412 925 2470 facillime
958 2418 1054 2484 potest
1085 2412 1215 2483 cognosci
1246 2412 1300 2467 hac

185 2513 344 2570 mutatione
365 2516 456 2568 totum
479 2516 643 2568 contextum
663 2511 785 2568 maxime
800 2517 965 2583 corruptum
980 2514 1010 2566 et
1025 2509 1213 2580 depravatum
1228 2526 1299 2567 esse.

184 2612 258 2669 Nam
281 2614 500 2679 consentaneum
529 2612 572 2666 est
598 2624 666 2666 sanc
688 2609 830 2674 convivas,
853 2624 916 2664 oum
938 2623 973 2664 ex
994 2607 1068 2663 asini
1088 2607 1249 2663 incursione
1270 2606 1301 2661 in

185 2708 375 2779 suspicionem
408 2707 539 2764 venerint
570 2722 633 2764 enm
664 2704 794 2762 rabidum
826 2720 903 2774 esse,
939 2704 999 2761 tela
1029 2719 1134 2775 parare
1169 2703 1205 2760 ad
1236 2719 1300 2759 eum

185 2804 387 2875 repellendum.
421 2803 465 2861 At
486 2820 549 2861 cum
570 2804 667 2861 asinus
689 2802 854 2860 iamdudum
876 2819 912 2859 ex
933 2801 1060 2858 triclinio
1086 2801 1225 2859 abductus
1250 2801 1298 2866 sit,

185 2906 305 2974 propter
336 2902 467 2958 nuntium
498 2902 579 2958 iilum
605 2916 701 2958 omnes
727 2900 800 2957 miro
822 2899 943 2970 quodam
965 2914 1104 2957 consensu
1125 2913 1241 2968 surgere
1264 2896 1302 2953 ad

184 2998 266 3056 illum
290 2999 471 3071 potissimum
492 2998 604 3056 asinum
624 2997 863 3069 persequendum,
886 3013 970 3068 quem
990 2997 1048 3053 iam
1070 3000 1149 3053 certo
1170 2994 1234 3051 loco
1256 2995 1299 3051 in-

185 3098 294 3156 clusum
316 3096 454 3154 custodiri
475 3095 605 3154 conicere
627 3095 783 3161 debebant,
805 3094 861 3152 hoo
883 3098 962 3151 certe
983 3093 1103 3149 multum
1125 3091 1220 3162 habet,
1244 3106 1299 3161 quo

183 3196 246 3251 iure
272 3195 455 3253 offendamus.
498 3193 591 3250 Multo
612 3193 781 3265 prudentius
803 3188 931 3263 proiecto
954 3188 1105 3256 fecissent,
1133 3189 1207 3246 siin
1229 3204 1300 3246 oeno

185 3307 238 3350 sua
259 3293 342 3349 lauta
362 3291 510 3362 tranquilli
531 3291 743 3361 remansissent,
766 3288 889 3361 quidque
912 3287 1036 3345 famulus
1050 3287 1086 3344 de
1100 3286 1179 3344 asino
1193 3301 1300 3342 renun-

185 3389 310 3446 tiaturus
331 3394 421 3452 esset,
443 3390 667 3459 exspectassent.
710 3385 766 3444 Sed
787 3384 879 3456 magis
900 3384 1024 3442 fortasse
1045 3382 1206 3441 mirandum
1227 3382 1300 3439 illud

186 3491 239 3558 est,
263 3486 338 3558 quod
360 3502 421 3544 cum
444 3485 554 3542 asinum
575 3482 728 3541 abductum
743 3483 868 3541 assecuti
884 3487 988 3548 assent,
1008 3480 1130 3538 famulus
1143 3480 1193 3537 ille
1207 3479 1302 3537 subito

184 3584 314 3648 evanuitr
347 3598 412 3639 nam
444 3581 519 3638 sicut
551 3580 579 3636 in
601 3578 715 3638 Graeco
751 3579 847 3637 asinus
878 3596 930 3651 per
956 3583 1048 3636 totam
1075 3578 1187 3636 domum
1209 3576 1301 3634 libere

184 3685 308 3752 vagatur
322 3679 456 3749 nulloque
470 3677 645 3750 impediente
664 3676 788 3734 incurrit
801 3677 832 3733 in
847 3675 995 3733 Gallorum
1011 3676 1179 3733 cubiculum.
1213 3673 1301 3730 Patet

184 3779 250 3835 hino
284 3775 441 3834 clarissime
462 3775 581 3832 Asinum
607 3775 655 3832 hic
680 3774 806 3845 genuina
830 3772 956 3852 fideliter
975 3773 1129 3831 retinuisse
1150 3772 1301 3840 omniaque

183 3875 242 3943 illa,
266 3890 338 3945 quae
354 3873 389 3930 de
404 3873 484 3931 asino
500 3872 607 3930 famulo
622 3872 731 3930 tradito
747 3877 776 3930 et
790 3872 912 3930 abducto
928 3872 1067 3944 Apuleius
1082 3871 1159 3928 solus
1173 3868 1297 3942 exhibet,

184 3987 313 4043 quaeque
346 3986 409 4027 cum
441 3970 483 4027 cis
515 3970 658 4028 artissime
684 3970 840 4028 cohaerent
866 3970 901 4027 de
924 3970 1108 4029 convivarum
1129 3965 1303 4038 suspicionis
