2752 4806
583 410 804 474 ..33-

134 601 357 662 Goldbacherus
377 602 414 659 ad
434 607 542 660 certam
556 602 721 673 finnamque
736 603 910 660 sententiam
924 603 1090 675 pervenisse
1104 619 1162 661 non
1175 604 1252 662 vide·

135 707 192 772 tur,
216 714 281 757 eum
301 700 373 757 haec
393 698 540 771 proferat:
566 697 634 756 Nur
654 697 701 756 die
721 697 891 771 Gecchicbte,
914 698 960 758 die
980 699 1056 757 Milo
1077 718 1143 758 vom
1164 697 1252 758 Ghol-

133 795 206 854 diter
226 794 398 869 Diophanes
423 794 546 864 errabit,
581 794 686 852 bonate
716 794 865 866 aldenfollc
889 795 964 853 wobl
984 796 1045 854 eine
1065 796 1184 870 anobe
1204 797 1254 856 dec

135 893 275 968 Apadnas
295 893 366 952 sein.
398 892 460 964 Qua
481 892 517 950 de
537 908 569 950 re
592 908 655 950 cum
677 909 711 949 eo
734 893 896 950 consentire
917 909 974 968 non
994 910 1118 965 possum.
1151 895 1253 966 Neque

134 991 210 1049 enim
241 992 314 1048 haec
339 988 447 1048 fabella
471 994 504 1048 ut
524 1006 621 1048 omnes
642 989 704 1048 iere
726 1005 792 1059 eae,
824 1006 899 1061 quae
920 991 956 1047 ab
977 989 1106 1064 Apuleio
1127 993 1253 1050 insertae

133 1094 211 1158 sunt,
233 1088 350 1146 aLucii
372 1088 484 1146 casibus
505 1093 617 1145 remota
637 1091 777 1158 estatque
798 1087 902 1156 aliena,
918 1088 969 1146 sed
984 1089 1126 1146 artissimo
1139 1090 1252 1147 vinculo

135 1201 200 1245 cum
221 1185 273 1243 illo
296 1185 457 1243 coniuncta.
499 1183 633 1242 Continet
654 1184 730 1242 enim
751 1185 898 1242 oraculum
918 1184 1012 1242 Lucio
1034 1184 1134 1242 datum
1158 1202 1251 1256 ,nunc

132 1283 210 1340 enim
234 1283 359 1354 gloriam
383 1282 454 1340 satis
474 1280 607 1339 floridam
627 1297 701 1339 nunc
721 1281 872 1339 historiam
892 1296 1024 1355 magnam
1046 1286 1076 1338 et
1096 1281 1249 1341 incredun-

133 1379 200 1437 dam
221 1378 349 1437 fabulam
372 1383 403 1435 et
422 1378 512 1435 libros
532 1377 735 1435 mefnturnm“
757 1378 852 1450 idque,
875 1378 900 1435 si
921 1378 1011 1437 totins
1032 1378 1172 1437 historiae
1188 1396 1250 1439 cur-

133 1493 195 1535 sum
206 1476 336 1548 respicis,
359 1476 431 1534 satis
441 1475 568 1548 lepidum
580 1479 624 1532 est
635 1480 665 1533 et
677 1476 713 1534 ad
724 1476 829 1547 reliqui
849 1475 942 1534 libelli
962 1474 1151 1535 festivitatem
1167 1493 1251 1548 quam

131 1573 258 1632 maximo
272 1579 380 1646 aptum.
413 1572 513 1645 Atque
529 1573 642 1631 omnino
664 1578 756 1631 totum
777 1573 906 1632 fabellae
927 1580 1129 1646 argumentum
1144 1574 1251 1646 optimc

133 1671 260 1729 concinit
291 1687 356 1728 cum
376 1670 465 1729 Asini
485 1671 662 1729 narrationis
682 1671 810 1737 ratione,
843 1675 873 1727 et
892 1671 991 1742 lepida
1011 1671 1062 1727 illa
1084 1671 1248 1744 descriptio,

131 1768 274 1841 quomodo
296 1766 438 1825 Chaldaei
473 1767 621 1825 cniusdam
647 1766 767 1825 fallacia
787 1767 878 1838 ipsius
898 1767 1094 1839 imprudentia
1115 1768 1248 1826 omnibns

132 1865 312 1939 apparuerit,
336 1881 399 1922 cum
419 1864 505 1922 rebus
525 1864 583 1922 illis
604 1879 677 1935 quae
698 1863 735 1922 (16
759 1863 853 1921 Gallis
874 1867 976 1936 postea
996 1869 1154 1921 narrantur
1175 1864 1247 1922 bene

131 1967 230 2035 potest
250 1962 420 2034 comparari.
452 1961 573 2018 Initium
593 1965 690 2018 autem
710 1960 895 2026 narrationis,
918 1975 972 2030 quo
994 1960 1102 2018 Lucius
1123 1977 1154 2018 se
1175 1962 1252 2020 vati·

132 2061 217 2118 ciniis
239 2059 357 2117 credere
378 2059 540 2131 profitetur,
568 2058 609 2117 eis
631 2058 737 2132 optime
758 2058 922 2131 respondet,
943 2074 1017 2128 quae
1037 2063 1105 2116 ante
1126 2059 1200 2116 dixit
1214 2059 1249 2116 de

130 2157 218 2215 rebus
239 2157 369 2229 magicis,
391 2173 465 2226 quae
487 2156 523 2213 ad
536 2155 660 2213 Lucium
673 2155 845 2214 Patreusem
866 2155 1019 2213 referenda
1039 2172 1102 2213 esse
1117 2156 1245 2228 exposui.

131 2255 211 2327 Quae
241 2254 266 2314 si
296 2259 377 2312 recte
408 2254 557 2326 disputata
587 2258 668 2323 snut,
704 2254 835 2324 seqnitur
865 2258 895 2312 et
924 2254 1016 2325 ipsam
1039 2254 1075 2312 de
1096 2253 1249 2327 Diophane

134 2351 264 2411 fabulam
295 2356 325 2410 et
351 2368 495 2410 sermones
521 2351 726 2424 praecedentes
747 2351 778 2408 in
799 2367 862 2423 cap.
888 2354 920 2408 ll
945 2355 974 2408 et
995 2349 1198 2421 subsequentes
1218 2351 1248 2408 in

132 2464 196 2522 cap.
222 2449 259 2507 15
280 2449 310 2506 in
330 2447 443 2506 Graeco
464 2464 576 2518 quoque
597 2447 754 2519 exemplari
774 2448 890 2519 integra
911 2447 1056 2505 exhibitos
1076 2446 1172 2506 fuisse.

213 2545 391 2604 Accedimus
421 2560 520 2602 rursus
541 2544 578 2602 ad
603 2545 697 2602 locum
718 2545 893 2616 graviorem,
925 2543 1069 2612 ,Luciani‘
1091 2548 1179 2615 capnt
1202 2546 1247 2612 ll,

130 2644 180 2702 cui
200 2643 305 2716 Apulei
325 2643 500 2715 respondent
521 2643 619 2715 capita
639 2642 771 2699 1118-
783 2641 829 2698 ΠΙ
847 2642 892 2700 19.
928 2642 1027 2712 Atque
1046 2641 1170 2699 libenter
1191 2657 1245 2713 ego

130 2740 248 2812 quidem
268 2738 406 2813 profiteor
426 2755 544 2811 prorsus
564 2744 645 2797 recte
667 2743 696 2795 et
717 2746 802 2796 acute
817 2738 1048 2796 Goldbacherum
1070 2738 1247 2810 exposuisse,

128 2854 194 2896 curn
208 2837 341 2895 Abroeae
361 2851 512 2907 personam
532 2852 653 2909 prorsus
673 2837 786 2893 inanem
807 2840 837 2892 61
857 2834 1029 2908 superfluam
1051 2852 1112 2894 esse
1127 2836 1243 2908 diceret,

128 2936 188 2994 nisi
208 2934 342 3005 convivii,
364 2934 440 3005 quod
460 2933 601 3004 Apuleius
622 2932 652 2990 H
675 2933 711 2989 17
733 2949 791 3003 seq.
815 2933 963 3003 describit,
985 2950 1114 3004 quaeque
1135 2950 1198 2991 cum
1213 2951 1246 2992 6ο

128 3034 279 3102 cohaeret,
310 3032 386 3090 risus
416 3030 486 3089 festi
506 3031 662 3104 descriptio
684 3030 743 3088 iam
763 3031 794 3086 in
814 3029 895 3089 fonte
915 3030 1032 3096 fuisset,
1066 3037 1096 3088 et
1117 3047 1152 3088 ea
1173 3047 1245 3102 quae

126 3119 269 3204 Apuleius
299 3134 402 3186 narrat
431 3129 478 3187 III
500 3131 617 3187 14-18
639 3129 789 3200 aptissime
810 3129 965 3186 transitum
984 3127 1081 3186 iacere
1103 3129 1140 3186 ad
1161 3128 1246 3186 Lucii

127 3243 239 3301 preces,
262 3243 335 3298 quac
355 3228 386 3284 in
407 3227 498 3285 Asino
519 3242 637 3300 prorsus
658 3228 780 3300 abrupte
804 3227 986 3286 afferrentur.
1018 3229 1127 3286 Verum
1148 3233 1245 3286 tamen

127 3326 200 3383 hacc
221 3325 436 3397 argumentatio
456 3324 599 3396 universa,
622 3323 659 3382 ad
680 3340 766 3394 quam
787 3340 839 3396 ego
861 3323 933 3381 nihil
947 3324 1039 3381 habeo
1053 3325 1130 3395 quod
1144 3326 1245 3383 adiun-

126 3438 201 3494 gam,
224 3426 258 3478 ut
278 3423 373 3493 aptior
393 3421 445 3480 fiat
466 3421 503 3478 ad
516 3420 756 3494 persuadendum,
779 3421 909 3478 Graecus
922 3436 1034 3490 quoque
1047 3426 1144 3479 textus
1159 3438 1243 3479 acon-

126 3524 193 3577 rate
224 3518 443 3590 perlustrandus
475 3523 532 3587 est,
564 3520 593 3575 in
621 3534 690 3589 quo,
722 3519 747 3574 si
767 3534 814 3575 res
835 3518 877 3575 ita
898 3534 928 3575 se
950 3517 1049 3589 habet,
1084 3517 1243 3575 certissime

126 3620 249 3690 possunt
269 3615 432 3687 exspectari
454 3614 626 3686 excerpendi
640 3615 769 3686 vestigia.
802 3614 910 3685 Incipit
925 3619 1022 3671 autem
1037 3615 1073 3670 ab
1087 3614 1133 3672 his
1147 3614 1244 3673 verbis

128 3712 156 3770 ἐν
178 3710 312 3774 τοιαύταις
331 3712 440 3787 ἡδοναῖς
462 3711 506 3769 καὶ
526 3713 641 3774 παιδιαῖς
661 3709 856 3786 παλαισμάτων
872 3709 1062 3786 ἀγωνιζόμενοι
1076 3712 1245 3789 νυκτερινοὺς

128 3810 235 3886 ἀγῶνας
266 3807 498 3886 ἐστεφανούμεθα.
538 3808 726 3868 Manifestum
757 3814 801 3867 est
832 3809 1032 3880 coniungenda
1063 3825 1124 3866 esse
1155 3810 1244 3868 verba

127 3905 321 3983 ἀγωνιζόμενοι
342 3905 510 3983 νυκτερινοὺς
531 3904 636 3980 ἀγῶνας
656 3904 879 3981 ἐστεφανούμεθα
900 3906 919 3962 i.
945 3923 970 3964 e.
992 3909 1133 3963 nocturna
1154 3910 1243 3964 ceria·

125 3992 206 4064 mino
220 4006 363 4062 calantes
381 4001 598 4061 coronabantur.
630 4002 804 4073 Quibuscum
818 4001 958 4073 quomodo
973 4001 1121 4060 conciliari
1131 4004 1244 4075 possint

126 4117 161 4160 ea
193 4115 266 4172 quae
297 4099 475 4173 praecedant
506 4098 534 4156 ἐν
555 4098 687 4162 τοιαύταις
706 4099 817 4176 ἡδοναῖς
837 4098 883 4158 καὶ
903 4100 1017 4161 παιδιαῖς
1036 4099 1241 4175 παλαισμάτων,

1031 4193 1048 4246 3
