2752 4806
604 427 823 490 ..46-

159 619 227 692 quin
252 619 418 690 ‚Lucienus‘
444 620 588 691 integram
613 617 728 677 fabulae
747 617 869 677 formam
890 621 1064 690 servaverit,
1097 620 1276 699 eandemque

158 717 301 790 Apuleius
327 717 399 775 satie
425 717 528 775 inscite
548 717 718 784 mutaverit;
746 717 821 775 unde
842 716 952 776 blaassi
972 717 1050 776 cadit
1075 719 1221 778 sententia
1242 719 1277 779 de

159 814 285 887 Apuleio
306 831 324 872 a
343 815 492 887 ,Luciano‘
515 819 657 887 respecto.
689 813 747 872 Sed
767 820 863 873 tamen
877 831 912 873 ne
926 816 1002 874 nllus
1016 816 1168 888 scrupulus
1183 834 1278 876 rema·

159 917 236 982 neat,
257 911 353 970 facere
374 927 430 969 non
449 927 571 984 possum,
593 911 662 983 quin
676 911 754 983 ipsas
765 911 884 970 Maassii
897 912 1135 971 ratiocinationes
1148 914 1279 973 breviter

159 1010 332 1082 perlustrem
352 1013 438 1080 atque
459 1007 590 1067 refutem.
635 1008 750 1079 Quare
771 1008 884 1067 etiamsi
904 1009 1006 1067 videar
1026 1010 1159 1082 reliquae
1180 1010 1279 1085 dispu-

160 1108 279 1166 tationis
294 1112 424 1165 teuorem
437 1106 514 1164 haud
529 1106 675 1164 commode
689 1106 907 1179 interrumpere,
927 1107 1062 1165 omittere
1075 1113 1174 1167 tamen
1188 1108 1277 1175 nolui,

160 1208 193 1262 ut
213 1204 291 1262 omni
312 1219 347 1261 ex
367 1207 452 1276 parte
473 1204 589 1275 plenum
610 1202 748 1261 evaderet
767 1203 821 1261 hoc
842 1203 1018 1276 opusculum.

239 1301 315 1359 Tota
345 1305 441 1358 autem
461 1300 591 1372 quaestio
616 1299 646 1357 in
668 1315 701 1357 eo
722 1304 868 1369 versatur,
900 1316 967 1357 num
987 1315 1020 1358 re
1040 1315 1111 1359 vera
1134 1316 1179 1371 ea,
1205 1317 1279 1372 qnae

162 1402 249 1456 antea
269 1397 304 1455 de
325 1396 463 1455 Charitas
484 1396 700 1469 Tlepolemique
720 1396 811 1454 variis
832 1396 946 1455 casibus
966 1401 1087 1455 narrata
1109 1403 1192 1470 sunt,
1215 1414 1280 1457 cnm

163 1495 214 1568 eis,
236 1511 310 1567 quae
331 1495 379 1552 hic
400 1495 435 1552 de
456 1498 549 1552 morte
570 1510 669 1551 corum
690 1494 860 1562 afferuntur,
881 1498 940 1551 tam
962 1499 1024 1552 arte
1040 1494 1227 1568 cohaereant,
1248 1501 1303 1577 ut¹

164 1610 199 1651 ea
221 1593 256 1651 ab
278 1592 379 1650 eodem
400 1591 543 1664 scriptore
563 1590 696 1662 profecta
716 1607 779 1648 esse
792 1591 920 1650 Maassio
942 1591 1105 1650 necessario
1120 1592 1280 1652 conceden-

164 1690 230 1747 dum
252 1690 299 1748 eit.
330 1687 423 1762 Quam
443 1704 505 1746 rem
525 1692 557 1745 ut
577 1692 656 1746 recte
677 1687 871 1760 dispiciamus,
893 1689 998 1758 omnia,
1020 1704 1093 1759 quae
1114 1688 1150 1747 de
1173 1691 1217 1748 eis
1231 1706 1280 1749 ex·

163 1788 259 1860 posita
283 1793 363 1856 sunt,
395 1786 479 1844 brevi
500 1789 656 1858 conspectu
675 1785 771 1842 animo
792 1789 891 1842 nostro
912 1801 1114 1858 proponamus.
1160 1785 1282 1846 Charite

164 1884 256 1956 igitur
276 1886 374 1958 puella
394 1885 507 1958 nobilis,
531 1901 594 1942 cum
615 1883 783 1956 Tlepolemo
805 1883 982 1940 adulescenti
1002 1883 1115 1955 pridem
1139 1885 1167 1942 ei
1187 1862 1282 1944 desti-

164 1986 233 2040 nato
254 1988 380 2056 nuptura
400 1989 484 2055 esset,
507 1983 568 2055 ipso
590 1981 756 2054 nuptiarum
770 1980 818 2038 die
831 1979 991 2039 latronibus
1005 1980 1099 2037 subito
1113 1980 1282 2056 inrumpen-

166 2081 244 2139 tibus
265 2081 408 2153 abripitur
429 2085 459 2137 et
480 2081 509 2137 in
530 2080 646 2139 illorum
666 2078 881 2150 receptaculum
902 2077 1055 2135 abducitur
1068 2077 1123 2150 (IV
1140 2077 1281 2154 23-26).

165 2177 250 2235 Unde
281 2194 345 2235 cum
379 2177 452 2235 asini
483 2177 590 2234 auxilio
611 2176 715 2246 fugere
736 2179 840 2232 conata
861 2178 951 2244 esset,
983 2173 1185 2232 alatronibus
1206 2191 1283 2234 com·

168 2276 312 2349 prehensa
343 2275 559 2333 crudelissimae
584 2273 669 2331 morti
690 2273 851 2330 destinator
871 2272 926 2346 (Vl
947 2270 1089 2344 27-32).
1135 2269 1284 2346 Contingit

171 2378 269 2431 antem
284 2372 459 2444 Tlepolemo,
480 2377 515 2429 ut
534 2371 564 2429 in
584 2370 731 2428 latronum
751 2386 867 2428 manum
887 2369 948 2442 ipse
971 2368 1132 2440 recipiatur
1153 2373 1183 2428 et
1197 2369 1285 2428 lautis

172 2471 294 2544 dapibus
324 2471 472 2530 instructis
496 2470 623 2527 latrones
644 2484 742 2526 omnes
762 2467 800 2525 ad
820 2482 958 2526 summam
979 2466 1155 2525 ebrietatem
1175 2466 1285 2540 adigat.

169 2568 230 2639 Quo
251 2569 331 2627 facto
351 2568 476 2640 puellam
498 2567 612 2625 domum
632 2565 744 2624 reducit
764 2565 917 2636 paulloquc
936 2568 1004 2635 post
1017 2562 1125 2636 accipit
1139 2563 1170 2619 in
1185 2565 1287 2622 matri·

169 2666 295 2725 monium
317 2666 388 2740 (VII
405 2665 527 2739 1-12).
558 2664 642 2722 Haec
655 2663 755 2735 priora
769 2666 800 2718 et
817 2665 988 2733 argumento
1004 2676 1067 2717 cum
1081 2659 1158 2718 asini
1173 2662 1286 2720 casibus

170 2763 316 2821 artissime
342 2762 495 2821 cohaerere
520 2766 551 2819 et
570 2761 700 2817 oratione
721 2758 759 2815 ad
780 2757 910 2828 reliquae
931 2755 1046 2814 fabulae
1067 2756 1287 2816 similitudinem

169 2875 260 2933 prope
281 2858 420 2917 accedere
440 2859 561 2928 ideoque
581 2857 640 2915 iam
660 2857 690 2913 in
704 2856 847 2928 ,buclani‘
861 2853 1027 2926 Apuleique
1048 2856 1191 2912 communi
1206 2856 1288 2916 fonte

169 2954 259 3013 fuisse
290 2971 379 3027 sopra
410 2955 607 3013 demonstrare
628 2959 749 3012 conatus
768 2968 839 3010 sum.
881 2952 983 3022 Neque
1015 2967 1183 3023 quemquam
1218 2956 1287 3026 puto

170 3057 344 3124 negaturum
366 3068 428 3111 esse
449 3053 645 3111 narrationem
659 3052 740 3108 illam
754 3052 867 3123 plenam
882 3056 912 3107 et
925 3049 1077 3108 rotundam
1098 3066 1173 3120 esse,
1195 3067 1287 3124 neque

171 3150 326 3223 quidquam
346 3150 465 3221 requiri,
486 3149 561 3221 quod
580 3149 743 3207 necessario
764 3146 896 3206 addatur.
933 3147 995 3204 Iam
1015 3147 1105 3206 multo
1119 3152 1186 3220 post
1199 3149 1288 3222 longa

172 3247 207 3306 de
237 3250 319 3306 nouis
353 3248 428 3306 asini
454 3246 668 3306 calamitatibus
688 3245 797 3303 fabella
818 3245 973 3303 interiecta
992 3261 1092 3304 rursus
1112 3245 1143 3302 in
1165 3249 1287 3319 utroque

171 3344 269 3403 libello
296 3343 417 3403 Charite
437 3345 677 3418 Tlepolemusque
708 3347 982 3414 commemorantur,
1015 3342 1065 3400 sed
1090 3342 1288 3402 diversissima

172 3442 296 3502 ratione.
329 3443 402 3500 Nam
425 3459 488 3500 cum
509 3441 586 3515 apud
600 3441 777 3513 ,Lucienum‘
800 3457 849 3499 eos
864 3441 962 3498 ambos
977 3439 1074 3498 subita
1087 3446 1181 3500 morte
1195 3442 1288 3500 inter·

173 3540 241 3598 iisse
262 3540 430 3599 breuissime
451 3545 602 3598 narratum
622 3539 669 3608 sit,
691 3537 768 3610 apud
781 3537 939 3611 Apuleium
959 3553 1034 3596 nova
1048 3535 1156 3595 fabella
1171 3538 1289 3598 adiecta

174 3643 219 3696 est
239 3654 338 3709 eaque,
360 3641 392 3695 ut
413 3652 499 3708 snpra
519 3636 578 3694 iam
598 3634 744 3704 annotavi,
766 3638 933 3707 argumento
957 3639 986 3692 et
1007 3649 1137 3692 sermone
1158 3637 1289 3708 aprione

176 3750 295 3807 prorsus
316 3734 482 3792 abhorrens.
515 3732 625 3790 Narrat
645 3733 720 3790 enirn
734 3732 914 3803 Thrasyllum
934 3731 1075 3802 quendam
1088 3731 1221 3791 invenem
1233 3750 1289 3792 uno

174 3850 238 3891 eum
259 3831 426 3905 Tlepolemo
447 3830 587 3889 Chariten
616 3831 647 3887 in
681 3827 893 3886 matrimonium
924 3829 1063 3901 petivisse
1095 3828 1146 3889 sed
1168 3835 1291 3904 propter

176 3946 284 3987 morum
313 3928 440 3986 maculas
464 3927 610 4000 repulsam
630 3927 738 3986 tulisse.
785 3926 856 3984 Cum
877 3929 972 3984 autem
994 3942 1073 3985 amor
1094 3927 1157 3987 eius
1177 3929 1208 3986 in
1229 3929 1289 3988 dies

176 4032 278 4085 auctus
299 4031 389 4098 esset,
411 4025 493 4083 illum
513 4024 712 4097 Tlepolemum
732 4022 894 4082 interficere
916 4024 1100 4083 constituisse
1122 4027 1290 4085 consilinm·

176 4140 231 4196 que
261 4143 343 4185 suum
369 4126 462 4199 prima
483 4126 553 4185 data
573 4125 722 4184 occasione
743 4130 910 4186 exsecutum
931 4142 1003 4186 esse.
1044 4124 1128 4184 Tunc
1150 4125 1290 4186 Chariten
