2752 4806
644 409 866 472 ..54-

197 617 255 660 uon
274 601 367 672 video,
388 616 452 657 cum
473 600 526 657 has
547 598 619 657 dues
640 597 817 656 narrationis
837 599 935 669 partes
950 594 1109 655 clarissime
1122 602 1311 669 segregamet

198 703 228 756 et
247 698 372 770 priorem
392 697 474 754 illum
496 695 618 754 Lucium
643 694 783 754 lascivum
808 697 838 751 et
862 692 1029 765 ridiculum,
1051 708 1087 750 ne
1112 693 1175 763 quis
1196 709 1263 751 cum
1281 710 1313 753 se

198 795 261 865 ipso
282 797 470 865 compararet,
493 791 605 848 nominc
625 791 722 863 patria
742 805 849 862 genere
863 787 1030 847 condicione
1050 787 1244 848 diversissime
1264 788 1312 848 te

198 891 316 964 scriptis
351 890 422 948 satis
454 889 588 959 cavisset,
624 905 675 946 cur
701 888 751 945 ille
782 887 849 945 huic
873 885 941 944 libri
975 884 1118 943 undecimi
1136 883 1229 943 Lucio
1261 900 1314 943 sus

199 987 309 1059 pietate
340 989 370 1042 et
401 984 486 1042 Isidis
511 983 618 1041 euxino
645 984 681 1041 de
703 983 821 1041 fortuna
841 998 893 1040 sna
923 981 1113 1054 triumphanti
1132 980 1251 1054 impune
1282 998 1314 1040 se

199 1082 331 1141 subicere
351 1096 409 1138 uon
429 1081 564 1153 potuerit.
606 1079 673 1140 Non
693 1080 789 1151 magni
809 1078 946 1138 momenti
966 1082 1041 1147 sunt,
1064 1093 1137 1149 quae
1157 1081 1313 1151 praeterea

197 1175 416 1236 Goldbacherus
444 1175 543 1233 attulit
569 1175 606 1233 ad
627 1176 820 1233 coniecturam
840 1189 921 1234 suam
941 1172 1110 1232 firmandam
1130 1173 1167 1231 ab
1187 1172 1309 1232 Rolrdeo

200 1274 296 1332 omnia
316 1273 423 1345 optime
444 1273 582 1332 refutata.
617 1272 712 1344 Quare
731 1272 786 1330 hoo
807 1271 966 1330 certissime
987 1274 1110 1340 constet,
1131 1269 1201 1328 libri
1220 1269 1312 1328 unde·

203 1369 269 1428 cimi
300 1374 501 1442 argumentum
532 1370 567 1427 ab
598 1369 660 1439 ipso
686 1367 811 1440 Apuleio
837 1367 1033 1451 excogitatum
1059 1371 1180 1424 etcum
1199 1366 1314 1438 reliqna

199 1466 299 1524 fabula
319 1466 393 1523 mule
414 1465 644 1524 consarcinatum
665 1480 738 1534 esse,
759 1462 881 1521 Lucium
894 1468 992 1521 autem
1004 1462 1177 1523 Patreusem
1190 1462 1313 1522 eundem

199 1563 261 1621 fere
282 1563 389 1620 exitum
410 1561 570 1620 exhibuisse
591 1565 677 1632 atque
699 1559 886 1630 ,Lucienum‘.

658 1937 782 2024 Caput
804 1938 853 2003 ΠΙ.

278 2097 469 2155 Praecedenti
493 2097 687 2168 disputatione
713 2097 938 2155 demonstratum
970 2101 1015 2154 est
1049 2095 1172 2154 Asinum
1194 2095 1311 2168 ,Lucia-

200 2202 293 2252 nenm‘
326 2195 357 2251 in
387 2194 550 2251 universum
580 2195 651 2251 satis
682 2198 750 2265 opta
776 2198 807 2250 et
833 2193 905 2252 bene
931 2193 1117 2265 compositum
1142 2208 1205 2251 esse
1233 2198 1267 2250 et
1284 2193 1315 2251 iu

200 2289 303 2363 primis
324 2288 445 2346 eundem
470 2289 644 2362 narrationis
665 2289 797 2359 colorem,
819 2289 946 2362 lepidum
970 2290 1051 2347 illum
1072 2292 1102 2346 et
1122 2289 1260 2360 iocosum,
1281 2290 1313 2347 in

202 2386 331 2445 omnibus
350 2385 482 2458 partibus
500 2385 619 2444 servari.
662 2385 820 2445 Occurrere
835 2390 931 2444 autem
950 2386 981 2443 in
995 2402 1028 2444 eo
1050 2387 1128 2444 locos
1141 2385 1311 2458 permultos,

202 2484 252 2555 qni
272 2487 372 2555 aperte
393 2483 518 2541 mutilati
537 2487 634 2540 essent
653 2483 740 2557 (conf.
764 2499 825 2556 cap.
848 2485 894 2556 15,
920 2485 965 2551 17,
987 2485 1034 2555 40,
1056 2482 1105 2549 42,
1126 2480 1188 2557 44),
1209 2481 1316 2541 deinde

200 2581 276 2639 alios
308 2580 357 2651 qui
382 2584 433 2637 aut
463 2585 626 2638 contextum
651 2596 770 2652 prorsus
796 2581 955 2638 laceratum
980 2584 1010 2639 et
1031 2579 1206 2651 discerptum
1226 2594 1313 2651 prce·

202 2676 304 2733 herent
324 2679 374 2732 aut
387 2677 474 2734 talem
495 2676 599 2746 quiex
619 2675 661 2733 eis
675 2675 752 2747 solis,
776 2691 848 2747 quae
867 2677 897 2733 iu
910 2676 1003 2734 Asino
1024 2680 1143 2734 narrata
1156 2680 1231 2743 sunt,
1253 2692 1312 2735 non

201 2773 273 2830 satis
293 2770 426 2842 intellegi
445 2776 543 2842 posset
564 2770 615 2843 (ci.
637 2786 699 2843 cap.
722 2774 756 2828 ll
777 2776 807 2829 et
821 2772 883 2846 26).
919 2772 996 2830 Tolli
1018 2777 1114 2831 autem
1135 2787 1233 2832 omnes
1257 2774 1312 2832 has

202 2866 386 2926 difficultates
407 2868 579 2939 comparatis
599 2865 708 2939 Apulei
721 2869 1012 2941 Metamorphosesin,
1034 2869 1084 2927 ubi
1103 2869 1222 2928 lacunas
1243 2870 1312 2929 illas

199 2964 281 3023 vides
308 2964 454 3036 aptissime
481 2964 610 3036 expletas
635 2981 712 3033 esse,
744 2981 779 3025 ea
804 2982 876 3037 qnae
907 2967 937 3024 in
962 2966 1056 3024 Asino
1087 2966 1230 3039 explicari
1254 2983 1312 3026 non

136 3087 139 3093 ·
201 3060 322 3136 possint,
345 3059 451 3118 fabulis
469 3060 535 3117 aliis
560 3061 737 3134 interpositis
752 3062 859 3133 optime
872 3062 1025 3133 quadrare,
1047 3062 1175 3135 capitum
1195 3063 1313 3121 illorum

202 3156 385 3229 confusorum
405 3155 468 3214 loco
494 3158 674 3215 narrationes
701 3158 837 3229 quasdam
857 3157 1003 3230 pleniores
1027 3158 1058 3215 in
1078 3158 1168 3217 Asino
1188 3160 1311 3219 omissas

201 3253 349 3312 exhibitas
370 3250 468 3328 esse.¹)

284 3350 349 3408 Iam
360 3349 516 3420 diligenter
526 3350 644 3423 exposui
654 3351 759 3424 Apulei
768 3351 1050 3424 Metamorphosibus
1062 3368 1180 3425 prorsus
1190 3351 1311 3413 emnem

200 3464 263 3506 rem
284 3452 371 3517 atque
391 3447 422 3504 in
435 3445 525 3504 Asino
541 3447 707 3517 ,Lucianeo‘
728 3464 813 3520 saepe
833 3447 936 3506 iisdem
955 3447 1016 3505 fere
1040 3449 1138 3507 verbis
1158 3454 1190 3507 et
1208 3449 1310 3510 eadem

201 3546 315 3603 ratione
336 3543 445 3602 ironica
469 3549 617 3602 narratam
638 3560 708 3611 esse,
730 3561 766 3602 ex
786 3544 878 3617 iisque
899 3560 942 3610 ea,
958 3560 1031 3616 quae
1051 3545 1081 3602 in
1095 3545 1184 3604 Asino
1205 3547 1313 3606 omissa

203 3645 307 3711 essent,
339 3641 445 3712 optime
475 3657 560 3712 posse
584 3641 708 3701 restitui.
749 3641 883 3700 Adnexas
904 3645 1000 3701 antem
1024 3658 1087 3701 esse
1107 3642 1144 3700 ed
1164 3643 1245 3702 illum
1264 3643 1311 3702 fa·

273 3815 296 3883 ¹)
305 3814 367 3869 Uno
376 3813 462 3868 verbo
471 3829 609 3883 moneam,
618 3814 692 3884 quod
701 3831 752 3884 per
761 3831 792 3868 se
803 3817 888 3885 patet,
901 3815 1072 3886 ,Luciannm‘
1080 3816 1163 3872 huius
1175 3817 1313 3888 epitomae

203 3903 344 3956 auctorem
370 3900 448 3956 nullo
474 3901 558 3957 modo
580 3917 664 3971 posse
691 3902 796 3958 haberi.
832 3904 986 3975 Assumpta
1009 3907 1102 3959 entem
1125 3908 1169 3961 est
1184 3906 1216 3960 in
1232 3907 1308 3962 illius

200 3990 336 4044 librorum
362 4006 509 4045 numerum
536 3993 651 4060 propter
677 3992 821 4045 nominum
844 3991 922 4046 Lucii
951 3996 979 4048 et
1001 3993 1117 4048 Lucicui
1144 3994 1189 4050 vel
1213 3994 1308 4066 Lycini

202 4075 422 4133 similitudinem.
