2752 4806
585 377 780 436 ..4-

127 577 156 634 δὲ
177 576 225 650 τὴν
246 573 340 651 φράσιν
356 572 442 648 σαφής
463 593 492 628 τε
507 569 552 628 καὶ
566 567 687 644 καθαρὸς
708 566 753 625 καὶ
774 564 850 642 φίλος
868 562 1042 638 γλυκύτητος
1085 563 1196 639 φεόγων
1221 566 1253 623 δὲ

127 674 175 748 τὴν
198 671 225 728 ἐν
248 670 334 745 λόγοις
355 667 527 743 καινοτομίαν
551 666 587 728 εἰς
608 664 759 741 ὑπερβολὴν
781 662 873 720 διώκει
898 662 946 737 τὴν
973 661 1001 717 ἐν
1022 663 1077 723 τοῖς
1099 662 1252 737 διηγήμασι

127 767 274 846 τερατείαν,
297 765 342 824 καὶ
363 766 401 828 ὥς
422 763 452 822 άν
472 787 510 826 τις
530 763 606 830 εἴποι,
622 760 704 824 ἄλλος
723 759 778 817 ἐστὶ
792 759 951 822 Λουκιανός.
995 759 1020 815 οἱ
1039 757 1070 824 δέ
1090 780 1120 830 γε
1142 764 1253 835 πρῶτοι

129 864 210 923 αὐτοῦ
237 862 284 921 δόο
317 863 389 936 λόγοι
411 861 493 935 μόνον
525 859 556 917 οὐ
588 857 795 935 μετεγράρησαν
816 854 929 932 Λουκίῳ
956 855 987 913 ἐκ
1012 857 1060 912 τοῦ
1089 855 1252 916 Λουκιανοῦ

129 962 222 1036 λόγου,
257 959 286 1022 δς
312 957 498 1034 ἐπιγέγραπται
519 954 659 1030 Λοόκιςῆ
685 953 781 1024 Ὄνος,
813 952 831 1029 ἢ
854 953 885 1011 ἐκ
915 956 970 1010 τῶν
1003 951 1123 1011 Λουκίου
1157 953 1252 1028 λόγων

130 1058 286 1131 Λουκιανῷ.
329 1058 401 1113 έοικε
422 1055 452 1111 δὲ
473 1057 576 1129 μᾶλλον
599 1053 613 1110 δ
634 1051 787 1113 Λουκιανὸς
813 1048 1011 1127 μεταγράροντι
1036 1049 1099 1107 όσον
1122 1049 1250 1116 εἰκάζειν.

128 1154 166 1218 τίς
192 1154 241 1229 γάρ
272 1151 364 1228 χρόνῳ
382 1148 568 1226 πρεσβύτερος,
602 1145 678 1205 οόπω
700 1150 800 1225 ἔχομεν
826 1151 932 1222 γνῶναι.
978 1147 1023 1206 καί
1053 1147 1102 1223 γάρ
1134 1148 1172 1210 ὡς
1195 1148 1254 1206 ἀπὸ

131 1249 251 1312 πλάτους
270 1252 324 1305 τῶν
347 1245 467 1304 Λουκίου
490 1245 576 1319 λόγων
598 1245 612 1300 ό
634 1244 784 1307 Λουκιανὸς
812 1242 998 1306 ἀπολεπτόνας
1029 1243 1074 1302 καὶ
1104 1245 1253 1320 περιελών,

132 1346 182 1405 όσα
197 1347 235 1423 μὴ
251 1345 339 1404 ἐδόκει
350 1343 423 1420 αὐτῷ
435 1342 500 1419 πρὸς
514 1343 559 1399 τὸν
575 1341 672 1399 οἰκεῖον
687 1340 808 1418 χρήσιμα
823 1341 932 1407 σκοπόν,
955 1340 1046 1403 αὐταῖς
1058 1363 1088 1398 τε
1103 1340 1190 1406 λέξεσι
1204 1346 1255 1401 καὶ

132 1441 282 1508 συντάξεσιν
297 1441 334 1504 εἰς
348 1440 395 1498 ἕνα
409 1439 443 1497 τδι
460 1438 539 1497 λοιπὰ
559 1437 729 1514 συναρμόσας
749 1438 835 1511 λόγον,
859 1438 958 1501 Λοόκις
981 1437 1095 1514 ἢὌνος
1110 1437 1255 1516 ἐπέγραψε

130 1542 160 1598 τδ
189 1539 294 1598 ἐκεῖθεν
326 1535 505 1612 όποσυληθέν.
547 1534 623 1610 γέμει
649 1535 678 1591 δὲ
703 1535 717 1591 ό
744 1534 873 1611 ἑκατέρου
901 1534 979 1609 λόγος
1003 1535 1170 1610 πλασμάτων
1200 1538 1254 1610 μὲν

135 1637 267 1711 μυθικῶν,
299 1631 489 1711 ἀρρητοποιίας
516 1633 545 1689 δὲ
566 1632 686 1710 αἰσχρᾶς.
728 1632 797 1706 πλὴν
819 1632 833 1689 ό
860 1633 909 1707 μὲν
936 1633 1088 1696 Λουκιανὸς
1114 1634 1254 1692 σκώπτων

131 1734 178 1793 καὶ
204 1731 336 1810 διασύρων
364 1733 413 1807 τὴν
432 1728 596 1804 Ἑλληνικὴν
625 1729 836 1803 δεισιδαιμονίαν,
870 1730 960 1807 ὥσπερ
992 1731 1041 1789 κάν
1067 1735 1122 1794 τοῖς
1147 1729 1253 1806 άλλοις,

132 1831 177 1890 καὶ
198 1831 293 1888 τοῦτον
315 1828 480 1899 συνέταττεν,
504 1827 518 1883 ὁ
539 1826 569 1884 δὲ
583 1824 702 1889 Λοόκιος
721 1827 878 1892 σπουδάζων
899 1850 929 1885 τε
953 1828 996 1886 καὶ
1017 1829 1109 1892 πιστὰς
1131 1830 1254 1903 νομίζων

131 1928 178 1991 τδις
206 1925 234 1992 ἐξ
256 1925 408 2003 ἀνθρώπων
431 1924 468 1987 εἰς
489 1923 623 1999 ἀλλήλους
649 1924 873 2001 μεταμορφώσεις
894 1924 942 1988 τάς
962 1948 992 1983 τε
1015 1924 1043 1991 ἐξ
1074 1925 1179 1999 ἀλόγων
1214 1929 1254 1990 εἰς

135 2024 296 2101 ἀνθρώπους
317 2022 362 2081 καὶ
384 2020 512 2079 ἀνάπαλιν
534 2020 645 2078 καὶτὸν
667 2018 749 2079 άλλον
770 2026 824 2078 τῶν
846 2025 966 2079 παλαιῶν
989 2022 1083 2096 μόθων
1099 2022 1182 2080 όθλον
1206 2025 1255 2082 καὶ

136 2121 275 2198 φλήναφον
296 2121 388 2196 γραφῇ
409 2117 552 2194 παρεδίδου
573 2120 657 2174 ταῦτα
679 2117 724 2175 καὶ
745 2118 908 2194 συνόραινεν.

213 2217 320 2288 Incipit
347 2217 467 2273 Photius
492 2220 526 2272 ut
546 2215 620 2272 solet
646 2233 664 2272 a
688 2216 757 2272 libri
784 2233 866 2286 quem
895 2216 979 2274 affert
1005 2218 1099 2275 indioe
1128 2216 1253 2276 Λουκίου

134 2314 264 2392 ΙΙατρέως
279 2312 520 2390 μεταμορφώσεων
538 2312 612 2386 λόγοι
626 2312 755 2389 διάφοροι.
787 2314 891 2372 Omnes
902 2314 963 2373 fere
975 2316 1028 2373 viri
1040 2315 1116 2372 docti
1128 2313 1254 2391 διάροροι

133 2412 224 2470 iudici
250 2412 428 2478 tribuerunt,
460 2409 495 2466 de
529 2427 584 2480 qua
608 2426 641 2466 re
667 2411 750 2467 valde
781 2411 889 2468 dubito.
932 2412 1033 2483 Neque
1059 2412 1134 2469 enim
1159 2412 1253 2469 ullum

138 2510 231 2567 locum
247 2509 391 2579 cognitum
405 2507 496 2564 habeo
511 2507 599 2564 totius
610 2504 708 2563 Photii
721 2507 920 2579 bibliothecae,
937 2508 986 2565 ubi
999 2511 1053 2567 hoo
1068 2510 1251 2580 adieetivum

135 2606 212 2677 quod
233 2605 309 2662 haud
329 2621 397 2661 sane
425 2619 490 2661 raro
517 2604 661 2660 inuenitur
682 2604 711 2660 in
738 2605 865 2661 oodioum
885 2605 987 2675 initiis,
1015 2621 1078 2662 oum
1099 2607 1161 2679 ipso
1182 2607 1253 2665 libri

139 2704 225 2762 titulo
246 2701 433 2774 probabiliter
460 2701 594 2771 coniungi
620 2702 718 2772 possit.
761 2701 853 2758 Immo
881 2702 1009 2759 omnibus
1037 2704 1107 2760 loeis
1129 2705 1164 2760 ab
1187 2705 1252 2776 ipso

134 2801 239 2858 Photio
274 2799 416 2856 adiectum
449 2815 510 2856 esse
540 2799 610 2855 mihi
640 2798 754 2857 uidetur
781 2800 817 2857 ad
844 2816 941 2856 eorum
967 2801 1106 2858 librorum
1132 2801 1252 2871 indices,

135 2899 165 2955 in
186 2897 288 2966 quibus
308 2896 383 2953 varii
404 2896 565 2966 diversique
587 2897 749 2967 argumenti
764 2897 872 2970 scripta
887 2899 1009 2956 inerant
1054 2900 1152 2969 Neque
1174 2901 1253 2958 enim

138 2995 222 3052 aliter
242 3010 355 3065 possum
377 2993 562 3063 intellegere.
589 2994 664 3063 quod
691 2999 735 3051 est
760 2993 789 3050 in
812 2995 917 3053 codicis
944 2997 980 3053 26
1003 2997 1086 3053 initio
1114 2995 1253 3054 ἐπιστολαὶ

138 3090 275 3167 διάφοροι,
297 3092 422 3161 itemque
445 3092 492 3160 32,
521 3091 577 3148 194
603 3091 648 3149 vel
673 3092 704 3148 in
731 3092 828 3150 codiee
852 3095 907 3150 100
929 3092 1039 3167 μελέται
1070 3091 1191 3169 διάφοροι
1212 3097 1253 3152 si-

140 3189 275 3258 miliaque
300 3189 364 3258 101,
390 3189 455 3258 131,
481 3188 545 3258 132,
572 3189 635 3259 165,
660 3189 716 3245 228
732 3188 800 3246 alibi
821 3190 867 3247 vel
891 3190 921 3247 in
936 3190 1034 3248 codiee
1058 3192 1113 3247 102
1135 3188 1254 3267 διάφοροι

139 3284 335 3363 ἐπιχειρήματα
350 3284 394 3342 vel
409 3284 438 3341 in
453 3285 515 3342 cod.
535 3286 590 3342 128
613 3284 738 3361 έταιρικοὶ
758 3284 830 3360 λόγοι
854 3285 976 3364 διάφοροι
990 3288 1037 3345 vel
1057 3288 1086 3343 in
1108 3288 1168 3345 cod.
1194 3291 1250 3347 161

139 3380 291 3457 Σωπάτρου
314 3380 425 3455 ἑκλογαλ
446 3379 568 3457 διάφοροι
589 3380 617 3436 ἐν
633 3379 737 3456 βιβλίοις
760 3378 826 3456 ιβ’.“)
867 3383 960 3452 Quare
981 3383 1035 3441 hoe
1056 3399 1166 3455 quoque
1187 3386 1252 3444 1000

142 3495 194 3552 ego
216 3479 385 3551 propensior
406 3495 467 3536 sum
489 3479 526 3536 ed
548 3495 611 3535 eam
632 3479 815 3545 sententiam,
837 3484 870 3536 ut
889 3479 986 3536 libello
1012 3481 1057 3537 illi
1081 3481 1255 3552 simpliciter

138 3576 307 3647 inscriptum
338 3576 425 3634 fnisse
456 3581 553 3648 putem
580 3574 819 3652 μεταμορφώσεων
852 3574 926 3649 λόγοι
952 3577 1063 3636 adieoto
1095 3581 1254 3653 numero.²)

214 3725 234 3791 ¹)
253 3723 307 3778 Pro
318 3738 382 3777 vero
396 3723 488 3778 indice
502 3723 601 3777 habuit
610 3723 833 3776 Westermonnus
844 3722 953 3792 (Pauly.
963 3724 1093 3779 Realeno.
1107 3725 1255 3794 Sopatros)

140 3812 259 3882 ideoque
283 3812 408 3880 Suidam,
432 3827 494 3866 oum
517 3811 602 3866 alium
628 3810 712 3865 huius
740 3810 828 3867 libelli
850 3812 963 3868 titulum
987 3814 1118 3882 truderet,
1143 3829 1253 3869 errasse

140 3902 284 3957 conclusit.
322 3900 402 3967 Quod
422 3917 472 3966 ego
491 3899 610 3970 probare
630 3915 685 3953 non
704 3916 826 3969 possum.

216 3990 236 4057 2λ
251 3989 296 4044 Sio
314 3989 451 4058 Apuleius
471 4004 580 4058 quoque
600 3987 702 4043 librum
720 4005 801 4042 suum
819 3989 961 4059 inscripsit
983 3990 1254 4061 ‚Metamorphoseon

141 4076 206 4132 libri
216 4077 271 4132 XI‘.
278 4076 411 4132 Similiter
421 4092 515 4130 omnes
525 4075 583 4129 fere
590 4074 689 4130 Graeci
699 4075 856 4132 fabularum
865 4077 1082 4134 Romanensium
1093 4079 1252 4148 scriptores.
