2752 4806
584 427 801 489 „45-

134 616 250 677 fecisset
260 617 337 677 VIII
350 622 375 691 1,
400 620 469 688 ,sed
493 623 524 677 ut
535 624 639 678 cuncta
648 619 760 690 noritis,
781 619 908 678 referam
921 621 1004 679 vobis
1017 635 1035 678 a
1049 621 1154 693 eapite,
1177 638 1250 693 quac

134 721 213 788 gesta
234 720 310 787 sunt,
332 733 460 789 quaeque
481 722 600 791 possent
621 719 723 777 merito
747 717 899 786 doctiores,
921 718 1024 790 quibus
1038 719 1121 777 stilos
1135 717 1251 778 fortuna

134 813 342 881 subministrat,
363 814 394 870 in
414 814 555 874 historiae
575 816 718 887 specimen
737 814 846 873 chartis
859 815 1033 875 involvere.“
1067 815 1170 888 Qualia
1184 834 1250 876 eum

133 911 322 983 praemittere
353 913 447 971 solere
478 913 524 970 vel
555 913 687 971 subicere
718 913 773 980 eis,
807 929 881 984 quae
913 913 1030 972 aliunde
1062 914 1249 975 delibavisset

134 1007 762 1085 (conferascapitaV125,1X4,X2).
807 1009 883 1080 Quas
914 1011 949 1068 ob
982 1027 1083 1070 causas
1105 1011 1250 1071 Graecam

134 1105 278 1177 ,Luciani‘
300 1107 510 1177 narrationem,
543 1107 656 1166 etiamsi
687 1123 735 1165 res
758 1107 945 1178 gravissimas
970 1109 1085 1166 brevius
1106 1115 1249 1181 narraret,

134 1213 229 1261 tamen
261 1221 314 1276 pro
345 1205 484 1277 primaria
509 1205 667 1263 habendam
689 1221 760 1263 esse.
803 1206 883 1264 llaec
903 1205 975 1264 satis
995 1205 1117 1264 fuissent
1138 1207 1173 1265 de
1194 1209 1250 1266 hoc

133 1300 204 1368 loco,
227 1301 283 1359 nisi
304 1319 422 1374 prorsus
442 1318 545 1360 novam
566 1305 742 1362 senteutiam
763 1302 798 1362 da
821 1320 854 1361 ao
875 1305 1045 1376 protulisset
1057 1304 1199 1362 Maassius
1221 1305 1251 1362 in

133 1399 374 1457 commentatione
410 1400 499 1458 indici
534 1401 696 1458 scholarum
728 1399 888 1473 Gryphisw.
919 1398 1047 1465 1886187
1084 1401 1250 1459 habitarum

132 1496 289 1566 praemissa
318 1514 347 1568 p.
368 1495 442 1557 XIV
474 1486 570 1555 annot.
594 1498 622 1557 2.
679 1497 785 1556 Censet
816 1498 891 1556 enim
916 1499 962 1555 vir
982 1498 1033 1557 ille
1064 1499 1247 1557 doctissimus

134 1594 229 1650 omnia
248 1594 313 1664 illa,
345 1610 420 1665 quae
440 1595 581 1667 Apuleius
603 1595 638 1652 de
660 1595 798 1654 Charitae
819 1596 1036 1668 Tlepolemique
1057 1595 1180 1654 fortunis
1201 1612 1251 1654 ax·

132 1696 222 1762 ponat
242 1690 285 1752 IV
307 1693 434 1763 23-26,
458 1693 513 1751 VII
536 1693 642 1765 1-12,
665 1692 739 1750 VIII
756 1695 861 1765 1-14,
885 1694 1030 1752 artissima
1051 1681 1250 1765 coniungenda

132 1802 194 1845 esse
215 1794 246 1846 et
267 1805 319 1860 pro
341 1806 399 1848 una
418 1790 527 1849 fabella
547 1790 688 1863 habenda,
711 1806 784 1862 quae
806 1791 956 1864 Euripidis
976 1791 1132 1850 Protesilai
1152 1792 1249 1849 imita·

132 1884 238 1957 tionem
269 1887 429 1946 clarissime
460 1892 608 1957 ostendat;
640 1893 728 1960 atque
761 1889 896 1961 quoniam
917 1889 1066 1947 exordium
1086 1888 1170 1946 huius
1190 1888 1247 1946 loci

132 1997 220 2056 supra
240 1984 361 2042 allatum
383 1986 542 2044 certissima
564 1991 670 2057 arguat
701 1984 858 2058 Apuleium
884 1986 1015 2057 proxima
1042 1985 1076 2043 de
1097 2002 1148 2043 suo
1174 2001 1250 2057 penu

131 2081 284 2151 addidisse,
306 2087 397 2139 totam
418 2081 546 2141 fabulam
567 2083 603 2141 ab
624 2083 687 2156 ipso
709 2082 835 2156 Apuleio
858 2083 1049 2156 conscriptam
1070 2099 1132 2141 esso
1154 2083 1250 2140 illum·

131 2194 187 2250 que
208 2179 301 2252 ipsum
321 2196 339 2237 a
361 2180 510 2247 ‚Luciano‘
531 2187 703 2255 respectum.

211 2275 301 2334 Patet
320 2277 413 2349 primo
436 2282 554 2350 aspectu
585 2278 659 2336 hanc
691 2279 865 2336 sententiam
885 2278 1100 2350 probabilitatis
1122 2277 1248 2350 speciem

130 2388 189 2431 non
210 2389 344 2444 magnam
365 2391 436 2446 prae
458 2391 489 2432 se
510 2372 595 2433 ferre.
631 2375 733 2447 Neque
755 2376 830 2434 enim
853 2377 985 2445 cuiquam
1007 2374 1145 2433 credibile
1166 2375 1247 2434 vide-

130 2470 211 2528 bitur
241 2476 333 2529 totam
364 2472 438 2530 hanc
468 2470 595 2530 fabulam
621 2473 656 2531 de
678 2472 802 2531 Charite
821 2473 920 2545 puella
941 2489 958 2529 a
978 2472 1139 2529 latronibus
1162 2477 1249 2545 capta

129 2573 287 2639 narratam,
310 2585 383 2640 quae
404 2586 511 2641 magna
531 2587 567 2628 ex
588 2577 672 2643 parte
693 2587 756 2629 oum
779 2570 853 2628 asini
868 2570 980 2628 casibus
993 2573 1053 2626 tam
1068 2574 1132 2627 arte
1147 2571 1248 2628 cohae-

127 2670 204 2735 reat,
225 2670 259 2723 ut
279 2667 336 2724 nisi
356 2683 420 2725 cum
441 2668 565 2727 maximo
587 2670 678 2727 totius
697 2669 835 2727 historiae
859 2667 1039 2726 incommodo
1053 2668 1179 2725 resecari
1192 2683 1249 2724 non

126 2763 223 2835 possit
229 2762 263 2837 ¹),
283 2763 313 2821 in
335 2766 472 2836 primaria
495 2766 571 2839 apud
585 2767 705 2825 Lucium
719 2766 887 2824 Patrenscm
902 2765 998 2824 forma
1012 2765 1146 2824 omissam
1160 2765 1248 2823 fuisse

128 2865 160 2919 et
187 2866 291 2932 postea
316 2862 429 2920 demum
450 2863 487 2921 ab
508 2864 718 2936 amplificatore
739 2865 913 2934 adiunctam,
935 2865 985 2935 qui
1005 2865 1078 2922 alius
1099 2863 1249 2936 scriptoris

127 2975 203 3032 opus
233 2961 319 3018 rebus
350 2961 453 3019 alienis
484 2961 621 3019 admixtis
642 2961 788 3022 dilatarat.
829 2962 967 3034 Accedit,
1000 2962 1075 3033 quod
1096 2960 1247 3032 Maassius,

128 3073 195 3116 cum
226 3062 306 3116 recte
332 3058 521 3116 intellexisset
552 3059 670 3116 exordio
702 3059 753 3116 illo
780 3059 933 3131 Apuleium
953 3059 1047 3132 ipsum
1068 3057 1246 3130 significasse

126 3171 160 3213 se
183 3154 243 3212 iam
264 3156 300 3212 ab
323 3155 497 3227 exemplaris
517 3156 645 3227 vestigiis
666 3155 815 3223 decedere,
838 3157 1023 3215 artificiosius
1044 3155 1110 3214 inde
1132 3155 1245 3214 conclu-

127 3251 178 3322 sit,
200 3265 386 3323 quaecunque
408 3252 444 3310 de
465 3251 603 3311 Charitac
624 3253 750 3312 sortibus
770 3257 925 3311 narrentur
946 3252 982 3310 ab
1004 3251 1130 3325 Apuleio
1151 3252 1244 3325 primo

126 3351 159 3407 in
190 3349 266 3408 hano
296 3349 428 3408 fabulam
459 3350 569 3409 inserta
601 3367 671 3409 esse.
714 3351 808 3408 Multo
830 3350 987 3424 simplicius
1008 3365 1077 3408 sane
1098 3349 1246 3420 multoque

129 3447 309 3519 probabilius
339 3448 407 3506 inde
439 3447 553 3507 efficere
583 3449 690 3521 potuit,
722 3447 798 3520 qnod
826 3463 924 3506 omnes
945 3449 1057 3519 priores
1089 3446 1248 3504 effecerunt

130 3545 304 3619 Apuleium,
337 3560 400 3602 cum
426 3546 457 3603 in
477 3545 716 3618 praecedentibus
736 3544 846 3603 fontem
877 3559 958 3602 suum
990 3547 1145 3610 servasset,
1173 3542 1248 3600 inse·

130 3645 266 3713 quantem
287 3639 415 3698 fabulam
436 3641 551 3700 aliunde
572 3642 746 3700 adiunxisse.
779 3642 874 3713 Atque
895 3641 971 3698 omni
985 3641 1039 3698 hac
1054 3640 1247 3713 disputatione

130 3738 293 3797 firmissime
325 3740 550 3799 demonstratum
582 3747 627 3799 est
657 3741 750 3799 Asino
783 3739 946 3813 ,Lucianeo‘
968 3738 1133 3811 Apuleique
1154 3737 1248 3795 Messa

112 3837 330 3909 =morphosibus
362 3842 496 3895 accurato
529 3839 702 3911 comparatis
739 3837 880 3896 neminem
910 3836 969 3894 iam
995 3835 1128 3893 dubitare
1153 3852 1246 3908 posse,

204 4056 224 4125 ¹)
245 4056 379 4126 respicias
399 4054 545 4124 inprimis
566 4056 637 4111 asini
655 4056 826 4126 virginisque
845 4053 942 4125 lugam
960 4069 1133 4109 communem
1152 4055 1181 4108 et
1198 4070 1247 4123 pu-

131 4145 245 4201 nitionis
265 4143 419 4200 communis
437 4142 539 4197 mirum
557 4143 697 4199 latronum
715 4143 869 4200 consilium.
