2752 4806
554 401 775 465 „35-

106 595 207 654 ueniti
238 594 274 652 Id
295 595 356 653 sine
378 594 464 652 dubio
486 600 695 668 exspectamus,
717 595 792 667 quod
812 600 880 653 ante
896 596 1004 654 dictum
1019 600 1135 655 osteum
1151 595 1224 654 obli·

33 755 37 759 ,
105 697 166 765 tum
188 708 251 751 esse
273 692 385 751 scilicet
398 691 455 750 iter
467 691 646 751 Larissensc.
681 692 740 750 Sed
754 693 841 765 plane
855 691 934 750 fallit
948 709 1000 751 nos
1013 693 1086 751 baec
1101 709 1223 766 exspec-

105 791 197 860 tatio,
229 805 293 847 cum
324 789 355 846 in
375 790 486 847 Graeco
518 793 600 847 textu
631 789 699 847 huic
729 790 821 862 priori
852 791 1013 848 sententiae
1043 792 1123 864 parti
1153 792 1225 849 haec

105 886 237 945 subiecta
268 887 326 944 sint
352 885 380 949 ἐς
403 886 434 944 τὸ
460 886 557 962 μαθεῖν
579 886 617 945 ὧν
638 885 720 945 ἕνεκα
740 884 857 962 iiiluna,
890 886 937 946 καί
955 909 1025 964 φημι
1045 887 1112 965 πρὸς
1132 886 1223 964 αὐτήν.

106 983 196 1044 Vides
217 985 318 1056 igitur,
340 1000 426 1056 quom
445 985 616 1057 perturbata
636 985 683 1043 hic
703 984 761 1042 sint
782 985 891 1042 omnia:
914 1002 947 1044 eo
969 987 1041 1053 loco,
1063 986 1113 1043 ubi
1132 985 1223 1056 magi-

107 1099 158 1141 cae
182 1081 306 1141 adonius
326 1083 371 1140 rei
391 1083 533 1142 videndae
553 1083 703 1142 consilium
724 1099 760 1139 ex
781 1086 917 1162 contextu
938 1083 1032 1141 elucet
1053 1099 1224 1142 commemo·

106 1179 227 1237 randum
248 1178 345 1247 fuisse,
366 1181 425 1238 iter
444 1181 616 1238 Larissense
637 1179 765 1247 affertur,
786 1181 816 1238 in
836 1180 894 1239 illis
916 1186 1024 1250 contra,
1047 1197 1121 1252 quae
1134 1180 1172 1238 ad
1194 1179 1224 1239 id

106 1276 199 1334 solum
229 1277 288 1336 iter
317 1279 424 1337 referri
454 1295 537 1352 posse
567 1279 716 1347 ridentur,
742 1277 860 1350 prorsus
886 1278 921 1335 de
941 1278 1096 1350 improviso
1117 1278 1225 1336 mentio

107 1391 206 1433 rerum
227 1376 402 1449 magicarum
427 1377 554 1434 inicitur.
597 1377 660 1435 Iam
686 1376 842 1453 considera,
864 1391 921 1446 qua
942 1375 1053 1433 ratione
1074 1375 1129 1432 hae
1151 1374 1225 1432 duae

108 1473 240 1532 diversae
266 1478 365 1546 partes
385 1475 444 1532 sint
465 1475 635 1546 colligatae,
667 1489 741 1544 quae
762 1489 849 1547 porro
871 1473 911 1531 sit
931 1476 1078 1531 structura
1099 1471 1142 1529 ἐπὶ
1163 1474 1225 1529 νοῦν

109 1591 154 1644 μοι
174 1568 261 1646 ἦλθεν
282 1570 316 1634 ἐς
335 1570 366 1628 τὸ
388 1569 537 1647 puteum)
573 1571 672 1629 Facile
694 1571 819 1629 conicias
840 1569 895 1627 duo
915 1570 989 1628 haec
1013 1571 1084 1642 cola,
1107 1585 1181 1640 quae
1196 1573 1227 1627 et

108 1683 194 1725 sensu
224 1668 263 1724 ad
292 1684 338 1725 res
365 1668 575 1727 diversissimas
596 1669 743 1741 pertinere
765 1668 930 1740 videantur,
963 1684 1055 1739 neque
1076 1673 1225 1726 structura

108 1767 174 1835 apte
205 1764 283 1822 inter
313 1781 344 1822 se
376 1780 485 1823 conexa
511 1766 581 1831 sint,
613 1766 644 1822 in
669 1766 829 1838 exemplari
855 1766 970 1823 omnino
993 1765 1146 1822 coniuncta
1167 1781 1225 1822 non

107 1860 208 1929 fuisse,
229 1861 281 1920 sed
302 1861 338 1919 ab
360 1866 529 1934 excerptore
551 1863 673 1922 diversis
695 1879 731 1920 ex
752 1861 882 1934 partibus
903 1861 1031 1933 repetita
1044 1861 1224 1933 ineptissime
1293 1918 1297 1925 ,

107 1959 138 2016 in
158 1959 244 2017 unius
264 1960 407 2017 enuntiati
426 1958 548 2018 formam
571 1960 691 2019 confusa
705 1977 775 2018 esse.
809 1959 890 2029 Quod
904 1959 1024 2031 egregie
1039 1958 1225 2017 confirmatur

109 2055 199 2114 etiam
232 2056 329 2115 verbis
349 2057 408 2115 illis
429 2057 477 2116 καί
495 2080 566 2134 φημι
585 2057 653 2135 πρὸς
674 2056 789 2134 adeda
823 2074 915 2128 neque
936 2057 1011 2115 enim
1032 2061 1064 2115 nt
1084 2073 1160 2114 nune
1181 2060 1226 2114 est

108 2153 268 2226 sententia,
295 2170 351 2212 vox
371 2155 424 2212 illa
444 2153 527 2231 αὐτήν
547 2157 645 2225 habet,
667 2172 722 2226 quo
744 2155 891 2227 pertinere
912 2155 1012 2227 possit,
1034 2154 1077 2212 ita
1097 2158 1131 2211 ut
1153 2169 1224 2211 non·

109 2251 191 2309 nulla
211 2252 266 2309 boc
286 2251 350 2310 loeo
371 2252 511 2310 excidisse
532 2253 616 2310 valde
637 2252 785 2325 probabile
806 2252 854 2310 sit.

190 2347 269 2408 Satis
290 2351 456 2422 exposuisse
477 2351 659 2409 mihividcor
671 2348 759 2408 Asini
780 2350 950 2419 sententias,
971 2365 1043 2420 quae
1063 2348 1226 2408 fabularum

110 2449 146 2505 ab
167 2444 293 2519 Apuleio
321 2448 351 2505 in
373 2447 518 2520 capitibus
538 2447 570 2504 ΙΙ
586 2448 621 2504 17
635 2445 729 2503 -ΙΙΙ
746 2446 781 2503 18
804 2444 998 2502 exhibitarum
1019 2445 1082 2501 loeo
1102 2444 1227 2502 insertae

109 2549 187 2614 sunt,
209 2561 267 2602 non
287 2545 334 2603 hic
355 2546 416 2603 illic
436 2545 625 2603 librariorum
636 2543 783 2601 erroribus
805 2543 978 2614 depravatas
993 2556 1064 2609 csse,
1086 2539 1137 2598 sed
1151 2541 1228 2598 omni

110 2642 225 2701 omnino
257 2659 327 2701 sano
361 2659 447 2702 sensu
472 2646 610 2713 rectoque
632 2642 732 2699 ordine
754 2647 784 2699 et
804 2656 915 2699 conexu
935 2656 1053 2712 prorsus
1074 2638 1228 2696 destitutas

109 2755 202 2810 neque
223 2740 302 2797 aliud
324 2756 386 2799 esse
407 2739 463 2797 nisi
485 2739 608 2798 disiecta
628 2738 756 2796 membra
777 2737 904 2795 fabulae.
947 2729 1061 2809 Quibus
1076 2736 1230 2794 intellectis

109 2836 348 2894 reminiscendum
380 2841 425 2894 est
460 2836 544 2894 huius
569 2835 674 2908 capitis
699 2836 762 2893 loeo
792 2832 953 2907 Apuleium
979 2833 1115 2892 exhibere
1137 2833 1230 2890 multo

110 2935 280 3008 ampliorem
301 2936 498 2993 narrationem
519 2950 647 3005 eamque,
669 2938 703 3007 ut
722 2933 830 3004 optime
852 2932 980 2991 ostendit
1002 2931 1228 3001 Goldbaeherus,

110 3038 281 3106 argumento
312 3033 375 3106 ipso
407 3032 445 3090 ad
476 3036 589 3090 rectum
613 3029 727 3090 fabulae
750 3035 916 3088 contextum
937 3027 1120 3087 efficiendum
1140 3028 1230 3084 multo

110 3131 264 3204 aptiorem.
309 3130 391 3204 Quae
424 3146 489 3189 cum
514 3131 558 3187 ita
578 3130 649 3199 sint,
682 3129 730 3185 vix
752 3143 922 3200 quemquam
944 3130 1013 3199 puto
1035 3124 1231 3183 dubitaturum

111 3245 187 3300 esse,
220 3229 289 3299 quin
320 3233 400 3286 totus
421 3228 469 3285 bic
490 3228 574 3286 Asini
599 3228 678 3285 locus
706 3225 879 3298 exemplaris
900 3223 1017 3296 Graeci,
1041 3223 1116 3294 quod
1137 3222 1229 3279 multo

111 3327 235 3400 amplius
267 3331 297 3384 et
327 3327 489 3384 narrationi
510 3325 694 3397 Apuleianae
726 3324 850 3382 similius
876 3327 953 3395 erat,
986 3320 1171 3380 brevissima
1192 3318 1232 3376 sit

112 3424 238 3496 epitome
269 3428 300 3482 et
329 3423 438 3481 fabulis
463 3423 535 3496 illis,
561 3416 641 3494 'quas
660 3420 804 3495 Apuleius
829 3420 912 3479 nobis
938 3418 1078 3490 servavit,
1112 3414 1232 3473 resectis

111 3521 224 3592 reliqua
244 3521 499 3593 neglegentissime
520 3522 580 3579 sint
599 3519 807 3578 consarcinata.

193 3619 302 3691 Quibus
322 3620 426 3692 positis
446 3634 504 3676 non
525 3618 618 3676 solum
644 3617 770 3675 omnium
795 3615 921 3674 virorum
948 3614 1099 3672 doctorum
1120 3611 1233 3670 coniec-

113 3723 204 3788 turae,
227 3732 301 3787 quae
323 3717 359 3774 de
380 3716 518 3774 hocloco
538 3714 669 3788 prolatae
680 3718 754 3785 sunt,
776 3714 863 3772 facile
877 3711 1060 3782 refelluntur,
1075 3710 1126 3769 sed
1142 3709 1232 3767 etiam

114 3831 148 3873 ea
158 3813 272 3872 tollitur
283 3813 409 3883 offensio,
424 3829 509 3884 quam
520 3813 630 3885 primus
644 3811 756 3869 notavit
771 3809 977 3869 Boissonadius
991 3809 1043 3884 (ad
1053 3807 1169 3866 NicetI
1182 3804 1232 3878 75)

113 3912 145 3971 in
172 3912 270 3971 verbis
291 3929 315 3970 c.
340 3912 376 3970 12
398 3907 455 3984 ἄγει
476 3931 511 3985 με
533 3911 651 3986 λαβοῦσα
671 3907 739 3985 πρὸς
758 3907 808 3983 τὴν
828 3904 913 3984 θύραν
934 3907 982 3964 τοῦ
997 3903 1144 3980 δωματίου,
1167 3901 1234 3959 ἔνθα

187 4098 209 4166 ¹)
229 4097 318 4167 Vulgo
331 4096 505 4153 Dindorfium
518 4094 607 4150 secuti
621 4093 646 4153 it
660 4093 762 4160 delent,
782 4091 832 4146 sed
845 4090 928 4145 estin
941 4088 1082 4144 codicibus
1096 4087 1234 4144 omnibus.

1039 4179 1070 4232 3*
