2752 4806
572 403 793 466 „qq-

126 593 268 664 quendam
283 595 487 668 Hypatensem,
502 599 536 653 ut
551 596 628 669 apud
640 596 722 654 illum
737 596 947 654 deversaretur.
989 594 1081 651 Forte
1096 607 1159 649 eum
1174 591 1241 649 aliis

127 679 295 760 quibusdam
319 690 467 751 Thessalis
487 706 518 751 11
540 710 730 766 congressum,
752 695 802 765 qui
822 698 852 752 ct
871 693 927 765 ipsi
941 693 1058 764 Hypata
1077 689 1240 762 proficisce-

127 791 227 844 rentur
247 803 401 859 eorumque
421 789 551 847 convictu
571 806 653 847 usum
672 806 742 848 ease.
773 790 900 861 Cumque
913 790 970 846 ium
984 803 1074 860 prope
1088 787 1125 844 ad
1139 787 1241 843 urbem

127 885 322 955 accessissent,
344 886 518 956 quaesivisse
533 902 568 943 ex
582 887 631 957 eis,
652 903 720 943 num
733 886 810 944 forte
825 886 1021 959 Hipparchum
1035 885 1118 942 illum
1139 882 1242 954 cogni-

128 987 189 1038 tum
214 982 367 1051 haberent,
403 983 525 1054 illosque
550 983 631 1040 illum
662 984 775 1042 novisse
807 983 975 1052 domumque
1007 982 1067 1038 eius
1092 985 1121 1038 ct
1147 983 1243 1036 mores

129 1082 265 1136 accurate
297 1079 490 1150 descripsisse.
536 1079 646 1137 Eadem
671 1081 811 1152 Apuleius
837 1080 955 1137 exhibet
974 1079 998 1145 Ι,
1021 1079 1116 1136 2-21
1144 1075 1244 1148 paucis

127 1176 254 1245 mutatis,
276 1176 375 1233 multis
389 1176 515 1234 insertis.
558 1176 732 1249 Supervenit
747 1178 822 1234 enim
836 1177 913 1248 apud
933 1175 1015 1233 illum
1028 1175 1137 1233 Lucius
1152 1172 1242 1230 eomi-

129 1273 206 1329 tibus
227 1272 295 1344 illis,
319 1272 354 1330 dc
375 1272 475 1330 fabula
495 1274 592 1344 aliqua
612 1274 694 1344 mira,
716 1290 802 1344 quam
822 1278 993 1332 narraverat
1018 1272 1105 1337 11111,
1126 1269 1243 1327 Aristo·

128 1385 223 1427 menes
243 1370 364 1439 nornine,
387 1371 526 1428 acerrime
547 1371 793 1437 concertantibus3
816 1370 866 1429 ille
887 1387 917 1428 se
938 1387 1009 1429 vera
1026 1383 1158 1426 narrasse
1179 1366 1243 1422 iure

129 1466 248 1524 iurando
270 1481 301 1523 11
322 1468 466 1539 astringit,
488 1468 563 1525 alter
585 1473 686 1526 contra
706 1484 891 1539 quaecunque
912 1469 947 1526 de
962 1467 1129 1524 mulieribus
1150 1465 1244 1537 magis

129 1565 243 1621 narrari
264 1564 391 1632 solerent
411 1580 491 1621 mera
512 1563 662 1622 mendacia
685 1582 747 1623 esse
769 1565 923 1623 contendit.
966 1566 1027 1622 Iam
1041 1564 1149 1621 Lucius
1168 1563 1245 1619 hunc

128 1660 257 1731 graviter
269 1660 409 1732 increpat,
430 1661 644 1719 Aristomenem
658 1667 763 1732 autem,
783 1667 815 1718 ut
832 1662 946 1719 etiamsi
965 1662 1014 1718 ille
1030 1660 1147 1718 credere
1160 1659 1243 1728 nolit,

130 1756 185 1812 sibi
206 1761 303 1814 tamen
322 1757 472 1816 historiam
499 1758 579 1815 illam
599 1764 712 1826 narret,
739 1760 882 1817 hortatur.
924 1758 1060 1829 Sequitur
1079 1762 1148 1813 tunc
1169 1757 1243 1813 mira

131 1853 229 1923 aliqua
263 1852 361 1911 fabula
395 1855 429 1911 de
461 1853 601 1927 Socratis,
634 1855 828 1914 Aristomenis
860 1855 960 1927 amici,
992 1854 1116 1912 terribili
1148 1852 1244 1919 morti,

132 1949 202 2007 diris
235 1966 385 2023 magarum
415 1952 526 2010 artibus
558 1952 670 2010 effecta.
721 1952 815 2025 Quam
847 1952 1024 2009 etiamtunc
1054 1949 1246 2006 Aristomenis

132 2062 225 2104 eomes
266 2048 412 2106 obstinata
452 2050 652 2107 incredulitate
692 2050 816 2122 respuit,
856 2049 965 2107 Lucius
1004 2051 1104 2105 eontra
1144 2051 1240 2118 grates

131 2145 195 2214 agit
218 2142 410 2217 Aristomeni,
446 2147 522 2216 quod
548 2146 626 2204 illius
649 2146 765 2205 fabulae
799 2146 958 2203 festivitate
986 2150 1086 2217 captus
1109 2159 1242 2216 asperam

131 2241 207 2298 viam
229 2257 318 2312 usque
337 2242 374 2300 ad
388 2242 513 2300 civitatis
533 2248 648 2315 portam
661 2243 717 2301 sibi
730 2242 862 2300 videatur
877 2242 938 2300 sine
956 2242 1056 2300 labore
1076 2240 1242 2298 coniecisse.
1297 2312 1301 2321 Ι

131 2338 248 2395 Abeunt
272 2342 339 2396 tunc
360 2339 478 2398 comites
499 2341 528 2396 11
555 2341 683 2398 diversas
708 2345 819 2414 partes:
852 2340 958 2397 Lucius
979 2345 1075 2398 autem
1100 2339 1243 2396 stabulum

130 2435 305 2507 ingreditur,
338 2440 369 2493 et
400 2452 435 2493 ex
466 2453 521 2493 111
548 2438 646 2508 aliqua
668 2454 753 2511 copa,
780 2455 848 2495 num
868 2437 990 2510 Hypata
1015 2437 1055 2494 sit
1079 2453 1113 2492 11
1141 2436 1244 2518 civitas

132 2547 254 2602 numque
268 2533 405 2590 Milonem
425 2533 565 2603 quendum
579 2534 665 2604 norit,
681 2539 878 2607 percontatur.
908 2533 937 2591 A
949 2550 1005 2604 qua
1019 2534 1137 2591 Milonis
1150 2549 1245 2590 mores

134 2628 233 2686 eadem
254 2630 368 2687 ratione
389 2630 589 2688 describuntur
609 2635 695 2702 atque
715 2631 880 2703 Hipparchi
901 2631 978 2702 apud
997 2630 1171 2698 Lucianum,
1192 2629 1245 2687 sed

132 2726 183 2795 ita,
204 2730 237 2782 ut
260 2743 296 2783 ex
317 2727 519 2786 consuetudine
540 2728 646 2799 Apulei
671 2729 766 2785 onmia
791 2728 914 2785 ridicule
939 2726 1002 2785 fere
1028 2732 1114 2785 aucta
1138 2732 1196 2785 sint
1217 2732 1246 2785 et

133 2827 315 2894 exaggerata
341 2824 487 2898 (conferas
507 2825 578 2882 illud
611 2824 731 2894 „habitu
752 2825 941 2882 mendicantis
966 2841 1078 2898 semper
1107 2825 1242 2891 incedit‘,

134 2919 210 2989 quod
240 2921 317 2977 nullo
350 2921 434 2979 modo
466 2922 602 2979 iirmatur
631 2922 798 2979 narratione
823 2921 1004 2997 posteriore).
1047 2922 1135 2979 Vides
1154 2923 1246 2993 igitur

133 3016 210 3088 apud
233 3010 402 3088 Apuleium
419 3020 614 3078 narrationem
638 3024 752 3076 auctam
780 3035 842 3077 esse
875 3036 918 3088 eo,
950 3020 1027 3090 quod
1057 3020 1185 3077 fabulam
1211 3020 1245 3077 de

24 3149 26 3153 -
133 3111 254 3171 Socrate
280 3131 479 3186 sermonesque
504 3132 568 3173 cum
595 3131 630 3174 ea
661 3117 846 3174 cohaerentes
875 3117 1007 3187 inseruit,
1038 3121 1179 3174 mutatam
1201 3133 1245 3184 eo,

133 3212 209 3281 quod
229 3211 315 3269 Lucii
346 3212 381 3270 de
401 3213 571 3284 Hipparcho
603 3214 835 3285 percontationes
855 3229 873 3270 a
895 3214 1046 3272 comitibus
1077 3213 1115 3272 ad
1146 3231 1246 3286 copam

132 3309 290 3367 transtulit.

208 3406 270 3464 Hic
296 3405 514 3464 Goldhacherus
544 3411 629 3479 putat
655 3408 812 3480 Apuleium
843 3408 1010 3481 primariam
1033 3409 1119 3466 huius
1144 3425 1245 3466 narra-

133 3504 220 3562 tionis
251 3503 371 3561 formam
402 3505 484 3561 nobis
514 3510 743 3578 repraesentare.
789 3506 918 3563 Primum
949 3507 1022 3564 enim
1052 3506 1180 3564 fabulam
1211 3507 1246 3564 de

19 3637 23 3645 -
134 3598 254 3658 Socrate
264 3616 412 3673 maganum
426 3600 499 3659 divis
514 3603 625 3660 artibus
638 3608 750 3672 necato,
765 3608 858 3662 totum
871 3603 1043 3661 mirabilium
1058 3604 1246 3662 historiarum

134 3695 217 3756 ὕθλον
243 3697 288 3756 καὶ
308 3696 461 3774 φλήναφον,
490 3700 538 3770 qui
563 3701 593 3757 in
617 3701 672 3759 hoc
697 3701 796 3758 libello
818 3706 972 3771 congestus
992 3702 1042 3774 sit,
1076 3702 1183 3773 optime
1203 3702 1245 3758 in·

134 3794 287 3851 troducere
313 3809 433 3865 cumque
454 3797 515 3855 eius
540 3798 641 3854 habitu
665 3814 784 3870 prorsus
804 3799 963 3857 concinere.
1005 3800 1152 3858 Accedere
1172 3798 1248 3870 quod

135 3887 271 3961 Apuleio,
293 3891 319 3947 si
333 3891 513 3962 ,Lucianum‘
527 3898 642 3951 secutus
662 3898 745 3966 esset,
769 3910 856 3952 causa
870 3897 949 3955 nulla
963 3897 1059 3968 fuerit,
1075 3897 1249 3956 1111111111

137 3984 315 4044 1118111111
345 3985 445 4044 fabula
474 3988 616 4059 reliquam
645 3990 795 4048 historiam
819 3997 945 4050 mutaret
969 3997 999 4052 11
1019 4010 1179 4066 cauponam
1204 3996 1246 4052 in·

136 4083 261 4143 duceret.
284 4081 463 4152 ,Lucienum‘
475 4089 576 4143 contra
587 4087 690 4146 omissa
700 4088 753 4146 illa
762 4090 939 4160 narratione,
955 4091 980 4149 si
990 4090 1107 4150 comites
1121 4093 1248 4152 retinere
