2752 4806
618 408 831 473 ..40..

172 599 296 658 voluisse
316 599 480 672 depascere,
503 599 553 657 sed
574 616 610 658 ea
631 601 806 672 cogitatione
826 599 893 658 inde
915 599 1087 659 deterritum
1101 615 1172 671 esse,
1195 614 1240 670 ne,
1263 599 1289 657 si

172 698 230 757 iam
250 698 280 754 in
290 697 412 756 Lucium
434 703 604 770 mutaretur,
626 713 644 755 ε
664 697 826 755 latronibus
846 696 964 756 evidens
985 697 1104 756 exitium
1125 700 1287 769 pateretur.

174 794 300 866 Quorum
331 794 395 852 loco
427 793 592 864 ‚Lucienus‘
617 795 687 852 hacc
708 795 823 853 exhibet
844 794 882 863 (c.
907 793 957 867 12)
977 809 1001 851 c.
1025 791 1068 850 ἐπὶ
1088 790 1177 868 τούτῳ
1197 791 1289 870 ἡμέρα

173 913 203 950 τε
234 889 287 967 ἤδη
319 888 352 966 ἦν
373 889 418 949 καὶ
438 891 517 966 ἡμεῖς
538 887 589 966 ὅρη
610 889 699 948 πολλὰ
720 889 928 966 ἀνεβεβήκειμεν
950 887 996 947 καὶ
1016 887 1137 963 στόματα
1158 888 1189 947 δὲ
1208 890 1289 966 ἡμῶν

174 990 268 1065 δεσμῷ
289 987 423 1065 ἐπείχετο,
445 987 484 1050 ὡς
504 986 543 1062 μὴ
565 986 787 1064 περιβοσκόμενοι
806 985 856 1062 τὴν
877 985 939 1043 ὁδὸν
961 984 989 1049 ἐς
1009 985 1041 1043 τὸ
1056 982 1162 1062 ἄριστον
1178 985 1290 1045 ἀναλίσ-

173 1102 276 1161 κοιμεν·
306 1086 375 1143 ὥστε
390 1084 418 1148 ἐς
432 1085 481 1160 τὴν
496 1083 559 1142 τότε
573 1084 618 1143 καὶ
632 1086 725 1159 ἔμεινα
740 1082 811 1147 ὄνος.
844 1083 988 1142 Cohaeret
1001 1083 1145 1142 sententia
1159 1089 1289 1143 extrema

175 1182 246 1242 ὥστε
268 1183 296 1246 ἐς
316 1183 365 1258 τὴν
386 1181 448 1240 τότε
468 1181 514 1241 καὶ
528 1183 620 1257 ἐ’μεινα
634 1180 696 1245 ὄνος
710 1182 854 1241 artissime
869 1197 933 1240 eum
946 1181 1201 1254 praecedentibus3
1223 1199 1290 1242 nam

173 1296 208 1339 ea
227 1297 259 1337 re
280 1282 340 1340 sine
362 1282 456 1354 dubio,
478 1281 554 1353 quod
574 1299 607 1341 os
628 1282 690 1340 eius
704 1282 829 1356 capistro
844 1281 1006 1340 revinctum
1019 1287 1093 1351 erat,
1114 1281 1288 1354 impeditum

174 1381 230 1447 est,
255 1395 292 1436 ne
316 1395 416 1437 rursus
436 1379 466 1437 in
487 1379 630 1437 hominem
651 1379 918 1438 transformaretur.
960 1377 1072 1438 Verum
1093 1394 1150 1438 non
1171 1379 1289 1439 intelle·

175 1476 261 1548 gitur,
285 1476 426 1546 quomodo
437 1476 608 1536 reformatio
628 1477 680 1535 illa
699 1476 764 1536 fieri
776 1476 906 1550 potuerit
927 1476 973 1533 vel
988 1492 1039 1535 ore
1053 1476 1155 1535 libero.
1188 1476 1285 1548 Quare

172 1573 227 1630 boo
247 1587 358 1643 quoque
379 1573 444 1631 loco
464 1573 568 1632 lacuna
588 1574 743 1634 statuenda
763 1579 817 1646 est,
839 1590 924 1645 quam
938 1578 969 1632 et
982 1573 1075 1645 ipsam
1095 1572 1288 1645 probabiliter

173 1669 338 1742 excerptori
359 1670 521 1728 attribuere
540 1671 710 1742 poterimus.
738 1669 827 1729 Patet
840 1674 937 1729 autem
952 1675 1072 1744 propter
1085 1671 1175 1729 verba
1195 1668 1224 1734 ἐς
1238 1670 1286 1747 τὴν

174 1764 236 1823 τότε
249 1782 313 1824 eam
327 1766 369 1824 sic
381 1767 552 1839 explendam
563 1784 634 1840 esse,
656 1773 690 1827 ut
709 1768 853 1827 sententia
872 1768 988 1827 irrealis
1009 1768 1119 1826 existat
1131 1767 1202 1827 talis
1215 1768 1286 1840 fere,

172 1864 286 1936 qualem
306 1861 594 1934 finxitWielandius,
616 1881 680 1924 cnm
702 1866 934 1925 sichunclocnm
947 1865 1049 1924 vertit:
1074 1863 1197 1934 „Daber
1211 1868 1290 1924 wdre

172 1959 218 2018 iob
237 1960 289 2032 fdr
310 1959 423 2020 damula
443 1961 516 2020 Esel
535 1962 684 2036 pcblc'ebea,
706 1961 778 2022 acob
797 1979 879 2021 wara
904 1979 935 2020 ee
954 1961 1053 2022 Εοεεη
1072 1979 1139 2021 vom
1159 1961 1289 2022 Himmol

174 2064 306 2132 perepuet
323 2059 428 2118 bdite.“
463 2061 504 2118 At
524 2062 575 2128 cis,
597 2078 671 2132 quae
681 2066 834 2133 praeterea
854 2059 997 2132 Apuleius
1010 2059 1128 2119 exhibet
1148 2074 1288 2131 nusquam

171 2156 252 2216 locus
272 2158 391 2216 relictus
412 2163 468 2226 est3
491 2159 577 2217 immo
598 2160 673 2216 sicut
693 2159 724 2216 in
745 2158 841 2231 capite
865 2158 900 2215 15
922 2159 959 2216 ab
980 2157 1043 2231 ipso
1064 2156 1126 2216 sine
1148 2156 1235 2216 dnbio
1252 2157 1288 2217 ad

172 2253 282 2312 fontem
303 2255 418 2313 adiecta
438 2261 512 2314 sunt.

251 2351 315 2409 Iam
340 2369 376 2410 ex
402 2353 458 2419 eis,
490 2369 564 2424 quae
589 2353 666 2427 apud
686 2353 814 2411 latrones
835 2353 916 2411 asino
938 2352 1118 2420 acciderunt,
1150 2351 1289 2424 pleraque

173 2462 260 2520 supra
280 2453 460 2521 pertractata
480 2455 556 2511 sunt.
597 2449 657 2510 Sed
676 2454 788 2510 restant
808 2450 844 2510 de
865 2450 966 2521 quibus
996 2448 1160 2521 disputetur
1179 2449 1291 2509 leviora

172 2547 313 2616 quaedam
334 2547 507 2621 discrimina,
529 2553 562 2607 ut
582 2550 659 2608 omni
680 2565 716 2608 ex
735 2553 820 2622 parte
841 2547 997 2621 disputatio
1013 2545 1146 2605 absoluta
1159 2547 1207 2605 sit.
1240 2543 1287 2606 Ac

172 2643 296 2715 primum
327 2645 441 2716 quidem
466 2651 545 2706 recte
566 2646 700 2720 exposuit
721 2645 940 2705 Goldbacberus
958 2645 1037 2703 nullo
1060 2643 1145 2702 modo
1167 2644 1290 2717 cogitari

172 2756 257 2812 posse
278 2741 404 2814 amplam
425 2743 545 2800 duorum
564 2743 704 2801 librorum
718 2742 850 2815 Psychae
871 2742 999 2800 fabulam
1017 2758 1035 2800 a
1052 2741 1143 2799 Lucio
1153 2739 1291 2800 Patrensi

175 2837 334 2895 exhibitam
365 2839 554 2911 a,Luciano‘
587 2842 700 2899 demum
731 2845 872 2899 resectam
898 2856 971 2899 esse.
1012 2839 1114 2910 Neque
1135 2838 1212 2897 enim
1229 2837 1289 2897 ullu

171 2933 286 2994 ratione
316 2951 380 2992 cnm
411 2937 475 3009 ipsa
495 2937 581 2997 Lucii
610 2937 709 2997 fabula
735 2938 883 3009 cohaeret,
916 2936 967 2996 scd
988 2945 1089 2994 eontra
1108 2935 1287 2994 narrationis

172 3036 338 3090 contextum
360 3034 432 3091 satis
452 3035 630 3094 incommode
650 3035 842 3107 interrumpit.
874 3033 950 3094 Nam
966 3033 1057 3091 solam
1070 3037 1194 3104 propter
1208 3032 1289 3091 illam

172 3128 310 3188 insertam
332 3130 407 3202 quod
428 3131 592 3203 ,Leucianus‘
614 3132 699 3190 affert
720 3132 755 3190 de
776 3147 852 3190 nova
872 3131 1015 3188 latronum
1037 3127 1208 3188 excursione
1222 3133 1288 3202 post

171 3225 299 3296 puellam
329 3231 443 3300 captam
462 3235 578 3301 postero
604 3229 650 3287 die
670 3244 752 3286 mane
772 3227 851 3286 facta
880 3227 925 3302 (in
946 3243 1008 3299 cap.
1032 3227 1071 3285 22
1096 3225 1164 3302 πρὸς
1183 3223 1287 3302 ἡμέραν

102 3369 105 3373 .
172 3320 203 3378 δὲ
222 3325 277 3378 τῶν
299 3326 409 3382 σκοπῶν
422 3346 461 3387 τις
481 3328 535 3382 τῶν
555 3323 604 3388 τὰς
622 3324 700 3388 ὁδοὺς
721 3327 846 3401 φρουρεῖν
862 3322 1013 3401 εἰληχότων
1027 3325 1136 3400 ἔρχεται
1150 3321 1287 3397 ἀγγέλλων

123 3494 132 3513 0
173 3418 265 3494 aelf)
291 3421 368 3494 apud
388 3419 545 3493 Apuleium
566 3421 702 3495 omissum
723 3426 754 3480 et
774 3422 851 3481 solus
872 3437 968 3480 eorum
992 3420 1103 3478 reditus
1127 3419 1287 3492 descriptus

172 3516 377 3595 est(V125).
456 3541 460 3548 ·

252 3615 354 3689 Neque
384 3617 471 3676 aliter
500 3616 683 3676 iudicandum
709 3621 753 3676 est
774 3616 809 3676 de
830 3616 923 3674 tribus
942 3615 1002 3674 illis
1023 3615 1152 3687 fabellis,
1184 3614 1286 3687 quibus

173 3712 317 3787 Apuleius
347 3714 489 3773 secundae
520 3715 665 3772 latronum
695 3729 796 3771 manus
827 3712 946 3785 exponit
976 3712 1165 3771 calamitates.
1212 3713 1285 3771 Nam

174 3810 288 3870 etiamsi
310 3810 519 3870 concedendum
544 3816 589 3871 est
615 3811 660 3868 his
680 3810 795 3868 reiectis
816 3808 896 3868 illam
916 3809 1099 3869 statuendum
1121 3825 1184 3868 esse
1206 3824 1283 3869 mero

174 3907 326 3981 scriptoris
347 3908 467 3967 arbitrio
488 3906 683 3967 introductam
702 3922 774 3976 esse,
795 3905 911 3966 minime
924 3912 1022 3966 tamen
1034 3905 1102 3964 inde
1115 3906 1285 3966 concludere

173 4007 272 4067 debuit
293 4005 508 4067 Goldbacherus
529 4021 578 4064 eas
599 4004 760 4064 necessario
781 4003 819 4062 ad
831 4004 953 4064 Lucium
967 4004 1137 4064 Patrensem
1156 4004 1286 4064 referen-

174 4103 226 4164 das
257 4121 327 4164 esse.
369 4102 434 4176 Qua
463 4103 576 4162 ratione
606 4103 632 4160 si
652 4102 880 4176 progredereris,
913 4118 1011 4162 omnes
1035 4101 1095 4162 fere
1116 4102 1230 4162 fabulas
1250 4101 1284 4161 ab
