2752 4806
612 409 809 471 „p-

154 605 303 663 Patrensis
330 604 424 676 operis
450 601 539 660 fuisse
565 600 726 658 rationibus
752 599 952 657 diversissimis
978 599 1033 657 sibi
1058 607 1279 673 persuaserunt.

155 703 232 772 Quas
254 699 436 759 coniecturas
457 698 585 770 singulas
606 703 740 754 accurate
764 712 933 768 percensere
958 701 989 753 et
1002 696 1137 755 refellere
1158 697 1278 769 longum

156 802 211 864 est;
248 797 279 853 in
300 797 465 854 universum
490 797 544 852 hac
571 795 765 866 disputatione
796 794 868 851 satis
891 793 1108 865 redarguentur.
1149 794 1195 852 De
1218 812 1280 853 nna

155 893 266 951 Rohdei
287 893 459 964 coniectura,
483 909 556 964 quae
571 909 606 950 ex
622 891 753 950 omnibus
768 897 798 948 et
812 891 967 949 novissima
988 890 1026 947 sit
1047 896 1079 948 et
1092 892 1273 964 acutissima,

158 997 265 1062 postea,
291 1007 355 1048 eum
376 990 411 1047 de
425 989 525 1047 Photii
539 989 683 1046 sententia
696 988 787 1047 verba
801 987 913 1059 faciam,
936 987 1101 1059 diligentius
1123 989 1275 1047 disseram.

158 1087 246 1145 Cuius
266 1088 294 1143 in
326 1086 426 1145 libello
448 1092 561 1144 ceteras
587 1101 699 1158 quoque
725 1101 823 1144 omnes
848 1090 983 1143 accurate
1009 1085 1117 1143 relatas
1142 1086 1276 1144 invenies

155 1189 243 1255 atque
264 1185 432 1242 aestimatas
452 1200 501 1256 pp.
523 1185 611 1242 3-6.

239 1282 296 1339 Sed
320 1282 357 1339 ad
377 1282 453 1338 hanc
480 1281 675 1351 quaestionem
695 1284 774 1337 recte
796 1278 1010 1337 diiudicandum
1030 1281 1192 1338 necessario
1214 1281 1275 1338 dis·
1302 1288 1304 1293 '

154 1379 334 1450 putationem
357 1377 394 1435 ab
416 1378 457 1436 eis
478 1377 588 1435 duobus
608 1377 693 1434 libris
714 1376 874 1434 ducendam
896 1392 966 1449 esse,
994 1377 1044 1447 qui
1064 1378 1146 1434 nobis
1167 1377 1276 1433 etiam-

155 1490 229 1533 nunc
249 1481 367 1547 praesto
389 1479 469 1543 sunt,
501 1473 609 1547 Apulei
630 1474 914 1545 Metamorphosibus
936 1475 1085 1544 Asinoque
1105 1473 1275 1545 ,Lucianeo‘

156 1572 242 1642 primi
256 1576 337 1628 recte
349 1576 559 1644 perspexerunt
571 1570 752 1644 Teuffelins¹)
766 1570 1005 1644 Knautiusque2).
1046 1569 1155 1629 Verum
1175 1575 1275 1627 tamen

154 1669 186 1725 hi
212 1683 324 1739 qnoque
353 1683 417 1725 eum
437 1668 557 1726 Asinum
577 1668 756 1726 Lucianeum
782 1673 812 1725 et
831 1667 917 1725 Lucii
937 1667 1087 1724 Patrensis
1112 1671 1142 1723 et
1161 1667 1275 1738 Apulei

155 1766 430 1837 Metamorphoseon
450 1763 559 1824 fontem
579 1782 640 1825 esse
655 1770 813 1834 censerent,
836 1765 922 1836 longe
938 1781 956 1821 a
969 1781 1038 1823 vero
1053 1763 1273 1821 aberraverunt.

154 1863 256 1934 Neque
276 1863 331 1920 hoc
352 1864 466 1934 mirum,
499 1880 562 1921 eum
585 1864 743 1921 Teuffelius
771 1869 865 1921 totam
885 1879 946 1920 rem
967 1879 1023 1919 non
1044 1862 1115 1920 satis
1137 1867 1274 1919 accurate

157 1961 339 2027 tractaverit,
356 1958 500 2018 Knautius
521 1966 623 2018 contra
637 1962 731 2018 animo
746 1964 958 2032 praeoccupato
979 1960 1016 2016 ad
1038 1976 1101 2016 eam
1116 1960 1273 2016 accesserit

158 2062 188 2114 et
209 2057 311 2128 quavis
337 2057 450 2115 ratione
470 2056 596 2114 Asinum
616 2057 793 2114 Lucianeum
824 2057 944 2113 duarum
970 2056 1147 2126 reliquarum
1171 2072 1272 2111 narra·

160 2154 272 2212 tionum
286 2152 395 2212 fontem
410 2170 472 2211 esse
486 2154 682 2212 demonstrare
695 2157 809 2225 parato.
842 2153 937 2211 Multo
952 2153 1060 2209 maiore
1075 2156 1105 2209 et
1119 2152 1274 2223 diligentia

155 2255 186 2308 et
209 2249 307 2308 fructu
333 2255 400 2322 post
429 2251 496 2309 illos
523 2251 557 2308 de
586 2251 641 2307 hac
665 2267 697 2306 re
727 2250 887 2322 disputavit
912 2248 1156 2324 Goldbacherud)
1187 2256 1274 2322 atque

155 2348 287 2405 omnibus
325 2346 412 2404 Asini
443 2347 767 2419 Metamorphoseonque
799 2346 1016 2404 diversitatibus
1051 2346 1271 2417 diligentissime

153 2444 359 2516 perpensitatis
376 2459 438 2501 eam
452 2443 508 2501 sibi
522 2426 636 2500 effinxit
649 2444 831 2512 sententiam,
853 2448 887 2500 ut
909 2443 995 2500 Lucii
1006 2443 1154 2499 Patrensis
1174 2443 1272 2499 Meta-

155 2543 322 2612 morphoses
333 2540 481 2598 amborum
497 2541 600 2598 horum
614 2541 738 2598 liborum
751 2556 897 2598 commune
908 2541 1055 2612 exemplar
1067 2555 1128 2596 esse
1143 2543 1270 2610 putaret,

155 2637 231 2695 unde
245 2637 355 2696 Asinus
376 2638 407 2694 in
427 2638 572 2710 epitomen
592 2643 722 2708 coactus,
745 2638 992 2708 Metamorphoses
1012 2637 1167 2693 multarum
1188 2636 1269 2694 fabu-

156 2736 249 2792 larum
263 2734 437 2792 admixtione
451 2739 555 2791 auctae
566 2739 669 2792 essent.
698 2734 839 2792 Libenter
852 2731 992 2806 profiteor
1005 2751 1049 2791 me
1063 2735 1093 2790 in
1107 2736 1272 2792 universum

157 2848 221 2889 cum
241 2847 275 2888 eo
300 2847 417 2904 prorsus
442 2821 616 2901 consentire,
642 2832 756 2888 etiamsi
785 2848 842 2887 non
863 2831 993 2902 ignorem
1029 2832 1120 2888 multa
1145 2832 1175 2888 in
1208 2833 1271 2889 eius

155 2927 254 2986 libello
275 2932 376 2999 aperte
401 2926 476 2985 falsa
501 2944 578 2998 esse,
610 2928 700 2985 multa
731 2928 768 2985 ad
799 2928 1028 2999 persuadendum
1053 2930 1169 2985 minime
1191 2932 1269 2998 apta.

157 3025 241 3083 Unde
262 3025 371 3082 factum
392 3040 454 3083 esse
474 3030 553 3097 puto,
575 3031 608 3082 ut
622 3041 793 3097 quamquam
807 3027 844 3083 ab
859 3042 893 3083 eo
907 3029 971 3082 tota
985 3026 1114 3096 quaestio
1137 3031 1273 3084 accurate

158 3126 339 3194 pertractata
360 3127 406 3180 est
426 3137 460 3180 ea
489 3121 616 3193 ratione,
650 3138 706 3192 qua
731 3122 793 3179 sola
819 3122 856 3179 ad
877 3127 988 3179 eertum
1014 3122 1098 3179 finem
1125 3122 1273 3195 perveniri

157 3222 263 3291 potest,
284 3224 382 3276 tamen
407 3220 499 3277 denuo
530 3219 582 3276 illo
609 3235 665 3276 non
690 3224 823 3290 respecto
850 3219 1033 3276 coniecturae
1054 3219 1154 3276 variae
1179 3235 1272 3289 neque

158 3315 194 3371 ab
216 3316 277 3373 ulla
296 3322 381 3389 parte
401 3316 548 3375 stabilitae
569 3316 695 3387 proferri
709 3320 827 3388 coeptae
848 3316 913 3371 sint.
956 3314 1037 3372 Sicut
1057 3332 1175 3387 prorsus
1196 3333 1273 3374 nova

159 3413 321 3470 attulerunt
341 3418 371 3470 et
392 3410 581 3487 Diltheyus⁴),
605 3429 669 3470 cum
690 3412 960 3485 Metamorphoseon
981 3413 1072 3470 libros
1093 3414 1128 3471 ab
1143 3414 1272 3484 Apuleio

231 3563 251 3630 ¹)
272 3563 363 3617 Roda.
383 3563 451 3616 Mus.
468 3559 532 3615 XIX
552 3577 599 3630 pp.
618 3562 760 3615 rra-254
787 3563 815 3615 ct
832 3561 940 3615 Studien
962 3563 1018 3616 und
1038 3561 1275 3616 Cltaralcteristr'kea

159 3666 205 3720 pp.
223 3652 373 3706 tto-457.

232 3741 255 3807 ²)
274 3739 308 3793 de
321 3737 444 3793 Lucieno
457 3737 555 3806 libelli,
568 3737 617 3807 qui
628 3736 791 3792 inscribitur
804 3737 913 3807 Lucius,
927 3741 1048 3793 auctore.
1067 3737 1179 3807 Lipsiae
1194 3740 1274 3795 1868.

230 3827 252 3896 ⁸)
272 3828 461 3897 Zeitscdrr'ftf.
481 3834 541 3880 cest.
562 3827 636 3897 (lym.
654 3825 746 3881 XXIII
765 3843 811 3897 pp.
831 3829 970 3883 323-341
992 3829 1020 3882 et
1037 3829 1187 3883 403-421.

126 3902 129 3906 ⁵
231 3918 253 3986 ⁴)
274 3918 408 3986 Gdttr'nper
427 3915 548 3969 Fertrede
572 3915 644 3969 1879
663 3935 692 3986 p.
713 3919 754 3971 12.
793 3917 846 3982 „Er
870 3918 932 3970 ldrst
954 3918 1022 3984 siet,
1046 3934 1117 3970 worn
1139 3917 1180 3969 icb
1201 3918 1275 3972 nicht

126 4043 151 4073 r·
167 4009 172 4018 '
186 4024 223 4072 re,
242 4005 453 4059 wabrscber'rrlicb
471 4005 589 4072 enucleo,
616 4006 676 4058 dass
693 4007 819 4073 Apuleias
837 4013 924 4059 sumat
942 4006 983 4059 die
1005 4005 1223 4075 Metamorphoses
1246 4009 1275 4062 in

126 4024 244 4149 ={irrep
257 4095 386 4165 jdngeren
404 4093 503 4147 Jauren
520 4094 575 4146 und
592 4094 737 4147 molletae
755 4095 840 4148 seiam
855 4094 953 4147 Numen
963 4094 1103 4161 priecbr'sob
1122 4095 1274 4165 satagat,
