2752 4806
623 404 843 466 ..56-

182 597 241 655 alia
254 601 387 666 mutasse,
410 597 468 654 alia
482 596 621 654 adiecisse
634 594 785 667 probabile
798 600 852 652 est.
884 593 1035 652 Tabellam
1048 593 1106 652 iam
1119 610 1291 669 proponam,

178 693 235 763 ubi,
264 693 333 763 quid
353 695 408 751 hae
429 693 621 766 disputatione
643 693 679 750 de
700 692 786 766 primi
807 693 933 750 auetoris
954 692 1120 750 narratione
1141 693 1290 763 cognitum

183 789 228 862 sit,
252 806 308 848 une
330 791 360 848 in
382 795 535 862 conspeetu
554 793 702 860 appareat.
734 787 875 861 Campani
895 788 985 860 igitur
1006 787 1112 846 debent
1132 788 1170 846 ad
1191 789 1293 848 arche·

181 892 281 958 typum
301 886 512 945 restituendum

201 1060 350 1133 ‚Luciauil
1137 1060 1252 1133 Apulei.

182 1193 244 1249 eap.
269 1178 293 1232 1.
391 1172 647 1233 adiunctisiufine
665 1173 726 1232 eius
1098 1175 1159 1247 13,
1182 1177 1211 1244 4,
1235 1176 1276 1234 20

392 1273 513 1344 aliisque
525 1271 703 1343 quibusdam,
716 1287 834 1342 quorum
845 1273 908 1330 loeo
920 1271 1060 1345 Apuleius

394 1370 431 1428 de
451 1370 570 1428 Socrate
592 1368 718 1426 fabulam
739 1369 868 1427 inseruit.

393 1467 458 1524 vide
478 1483 527 1538 pp.
550 1466 677 1524 26-30.

203 1608 216 1633 „
262 1565 347 1622 2-7.
391 1563 511 1621 adiectis
532 1562 615 1619 initio
637 1563 739 1634 cap?
1099 1561 1272 1619 1111-14

393 1659 459 1717 vide
478 1676 506 1731 p.
530 1659 578 1715 33.
695 1732 697 1739 ,

204 1799 216 1825 ,
262 1757 368 1815 8-11.
391 1755 512 1814 adiectis
536 1754 619 1811 initio
641 1770 701 1826 eap.
727 1755 760 1810 ll
1082 1753 1114 1812 H
1129 1754 1175 1823 18,
1192 1754 1240 1822 31,
1255 1753 1295 1810 32

392 1852 458 1911 uide
478 1868 526 1924 pp.
549 1852 676 1910 33-37.
1115 1849 1276 1908 1111-18

205 1995 218 2021 ,
245 1952 370 2008 12-17,
392 1950 513 2007 laeunae
544 1948 680 2021 parvulae
700 1948 730 2005 in
756 1965 818 2020 eap.
847 1947 883 2006 15
910 1953 940 2006 et
968 1950 1003 2005 17
1026 1963 1062 2005 ex

394 2046 516 2117 Apuleio
544 2061 601 2103 nen
628 2049 747 2118 possunt
774 2044 893 2118 expleri,
919 2044 970 2102 aed
996 2044 1065 2116 quid

393 2142 572 2201 inserendum
586 2143 633 2212 sit,
655 2143 741 2200 iaeile
755 2158 807 2214 per
827 2159 857 2199 ae
879 2142 1059 2214 perspieitur.
1169 2138 1172 2143 ’

395 2239 459 2297 vide
479 2255 526 2310 pp.
542 2240 669 2306 38-40.

207 2380 219 2405 ,
246 2337 371 2394 18-22.
394 2335 511 2393 insertis
530 2336 560 2392 in
582 2351 643 2408 eap.
665 2337 703 2392 22
725 2339 791 2407 posi
810 2335 899 2394 uerba
912 2333 1059 2393 συνέκλαιον

397 2431 486 2509 ἐκείνῃ
507 2433 543 2510 τῇ
563 2433 636 2509 καλῇ
655 2430 792 2509 παρθενῷ,
819 2448 892 2503 quae
918 2448 976 2489 una
998 2447 1059 2489 eum

394 2530 507 2600 reliqua
538 2528 676 2588 Charitae
706 2528 805 2587 fabula
836 2529 998 2588 necessario
1024 2527 1063 2586 ad

394 2625 536 2684 Lueinum
556 2626 711 2685 referenda
732 2630 799 2684 suut
1100 2621 1316 2699 1124-27„

207 2766 220 2792 ,
245 2724 371 2782 22-26.
393 2724 509 2781 insertis
523 2727 591 2780 ante
611 2724 701 2781 verba
722 2739 784 2794 eap.
798 2723 835 2780 26
857 2720 957 2798 ὄρθρος
978 2720 1008 2778 δὲ
1027 2719 1061 2797 ἦν

393 2821 432 2876 ἔτι
452 2822 511 2877 κτλ.
595 2857 597 2860 <
1101 2817 1157 2876 VII
1173 2819 1263 2891 1-4,
1337 2836 1340 2841 ·

391 2917 513 2987 aliisque
538 2916 706 2991 quibuspiam
732 2916 842 2974 lacunis
865 2916 995 2988 parvulis
1025 2931 1061 2974 ex
1155 2914 1256 2972 9-13

394 3014 516 3087 Apuleio
538 3015 670 3087 expletis.
702 3014 769 3072 uide
789 3031 817 3087 p.
841 3014 967 3072 12-15.

206 3155 218 3181 ,
244 3111 370 3169 27-40.
392 3110 510 3168 insertis
530 3114 596 3182 post
616 3126 678 3182 eap.
701 3111 740 3167 40
1118 3109 1162 3166 IX
1177 3108 1256 3165 3-4

393 3207 461 3266 vide
482 3223 509 3279 p.
534 3208 579 3265 17.

208 3347 221 3373 ,
245 3304 372 3361 41-42.
394 3302 510 3363 insertis
530 3307 595 3375 post
616 3320 677 3376 eap.
699 3305 738 3361 42
1099 3300 1145 3359 IX
1168 3302 1296 3373 11-16,

396 3405 427 3458 et
440 3400 505 3457 aliis
519 3399 695 3473 quibusdam,
710 3416 831 3472 querum
844 3400 907 3458 loeo
922 3398 1062 3471 Apuleius
1123 3398 1170 3470 22,
1192 3397 1240 3463 23,
1256 3396 1301 3455 be

344 3503 348 3509 “
396 3496 513 3554 exhibet
540 3497 585 3554 IX
611 3498 737 3555 29-31.
768 3496 834 3556 vide
859 3511 907 3567 pp.
935 3496 1061 3554 19-21.
1163 3493 1242 3552 -28

207 3637 220 3664 ,
244 3594 372 3654 43-44.
392 3593 501 3652 inserto
515 3594 545 3650 in
565 3593 647 3651 initio
668 3609 730 3665 eap.
746 3594 786 3651 44
799 3597 865 3666 pest
883 3593 974 3650 verba
991 3589 1063 3649 παίει

395 3691 430 3768 τῇ
445 3689 549 3765 μάστιγι
568 3689 764 3767 τὸνκηπουρόν
778 3691 982 3762 prioreparte
998 3704 1063 3761 cap.
1135 3687 1245 3748 11139.

395 3787 461 3847 vide
482 3804 529 3860 pp.
553 3788 679 3845 23-24.

207 3928 220 3953 ,
244 3885 371 3944 45-46.
393 3885 501 3943 iuuene
522 3884 553 3941 in
572 3884 655 3942 initio
676 3900 737 3956 eap.
759 3885 798 3942 46
1160 3881 1192 3940 X
1208 3884 1239 3941 1.

394 3981 460 4040 vide
479 3998 507 4055 p.
530 3982 576 4039 25.

207 4121 219 4147 ,
244 4078 371 4136 47-56.
