2752 4806
535 415 755 476 -57-

166 609 213 668 De
244 607 340 666 colore
368 609 399 664 et
424 604 527 662 habitu
551 603 727 661 narrationis
752 603 810 660 iam
835 602 883 659 vix
915 591 1067 672 quisquam
1094 599 1204 673 poterit

90 707 233 776 dubitare,
262 703 331 774 quin
352 719 387 759 ea
413 700 514 759 eadem
540 701 653 758 ratione
679 699 843 771 perscripta
870 697 959 755 fuerit
985 702 1071 769 atque
1093 696 1202 755 Asinus

90 804 283 874 ,Lucianeus‘,
314 800 411 858 iocosa
441 799 493 855 illa
519 803 549 855 et
578 797 689 855 ironica
713 800 744 853 et
770 795 1016 868 apostorioribus
1040 793 1204 852 fabularum

88 898 312 959 Romanensium
338 894 527 967 scriptoribus
552 893 757 951 diversissima.
800 895 826 949 A
849 909 969 964 quorum
995 891 1202 950 consuetudine

89 1013 122 1054 ec
148 1011 260 1068 quoque
286 1010 406 1067 prorsus
432 993 582 1063 abhorret,
616 989 691 1062 quod
714 988 830 1048 fastidit
861 1005 959 1047 omnes
991 988 1203 1062 descriptiones

88 1093 213 1151 tumidas
245 1096 275 1148 et
307 1093 513 1162 exaggeratas,
546 1104 616 1158 quas
642 1087 684 1144 illi
705 1087 736 1142 in
756 1086 868 1144 deliciis
894 1088 1015 1158 habent,
1050 1102 1202 1156 omnesque

88 1171 135 1249 res
160 1190 259 1249 nativa
278 1188 404 1259 quadam
429 1191 531 1243 narrat
550 1185 736 1258 simplicitate
762 1189 791 1242 ct
811 1184 936 1243 veritate
958 1182 1107 1258 (conferas
1129 1199 1202 1254 quae

89 1304 175 1360 supra
190 1286 309 1357 exposui
324 1284 358 1342 de
372 1285 520 1341 latronum
539 1284 617 1340 vitae
631 1280 847 1356 descriptione).
881 1279 982 1351 Atque
996 1280 1069 1338 illud
1091 1297 1202 1352 quoque

90 1384 216 1442 notabile
231 1387 283 1453 est,
299 1380 375 1452 quod
388 1380 474 1438 rebus
489 1380 612 1446 eroticis‚
628 1379 658 1437 in
673 1378 774 1449 quibus
789 1379 858 1435 solis
872 1378 997 1436 omnium
1010 1378 1203 1449 posteriorum

89 1482 204 1538 fabulae
224 1482 382 1552 occupatae
397 1481 471 1549 sunt,
493 1477 640 1534 minimum
659 1476 747 1548 spatii
767 1469 931 1547 detumeat,
955 1491 1062 1546 eaeque
1082 1491 1199 1548 prorsus

89 1578 174 1635 aliter
188 1580 332 1635 tractatae
354 1580 427 1647 sunt,
449 1574 543 1646 magis
564 1573 601 1631 ad
614 1572 746 1631 Petronii
766 1573 786 1631 i.
803 1571 1008 1631 stabularum
1022 1571 1200 1631 Milesiarum

14 1727 17 1734 .
89 1675 311 1733 similitudinem.

165 1772 260 1844 Ipsius
282 1771 447 1842 argumenti
467 1786 605 1828 summam
622 1774 703 1827 recte
724 1770 887 1841 suspicatus
908 1784 971 1826 esse
992 1769 1064 1826 mihi
1083 1769 1217 1839 videtur·

87 1870 222 1929 Rohdeus
243 1869 331 1942 (Mus.
354 1868 445 1927 Rhen.
467 1868 523 1926 XL
538 1867 670 1940 93-95)
703 1871 851 1924 auctorem
882 1867 1006 1924 traxisse
1035 1881 1070 1923 cx
1100 1865 1200 1925 fabula

90 1968 185 2038 aliqua
219 1966 367 2039 populari,
403 1982 523 2037 qua1um
544 1964 707 2022 fabularum
740 1963 971 2022 consuetudinem
1008 1968 1038 2020 et
1071 1964 1200 2021 habitum

89 2065 151 2135 ipso
173 2080 284 2136 quoque
305 2079 436 2122 sermone
461 2063 571 2121 imitari
591 2062 715 2119 uoluisse
744 2061 859 2120 videtur
880 2065 910 2118 et
932 2060 968 2118 ob
995 2076 1059 2116 eam
1086 2076 1201 2117 causam

90 2161 305 2233 simplicitatem
319 2161 462 2232 quandam
477 2165 508 2218 et
528 2159 665 2217 duritiam
678 2159 739 2218 lere
757 2159 909 2216 affectasse
923 2158 983 2215 illis
1003 2156 1117 2215 fabellis
1131 2175 1201 2232 pro-

90 2258 184 2328 priam
194 2264 224 2316 et
238 2258 362 2317 insitam.
396 2257 478 2328 Quod
492 2259 558 2328 quia
569 2257 695 2329 neglexit
705 2256 883 2328 Hercherus‚
899 2257 1005 2314 multas
1020 2256 1200 2328 corruptelas

87 2356 247 2425 multasque
269 2355 507 2427 interpolationes
529 2354 590 2412 eius
610 2353 688 2411 modi
701 2353 784 2411 Asini
804 2354 875 2410 locis
891 2353 1005 2423 statuit,
1028 2354 1077 2424 qui
1099 2369 1134 2411 ex
1149 2352 1201 2410 illa

88 2451 249 2509 imitatione
271 2451 410 2509 facillime
430 2451 541 2522 possint
565 2449 715 2522 explicari.

165 2547 275 2620 Quibus
297 2548 438 2620 expositis
462 2548 497 2605 dc
523 2549 625 2606 habitu
645 2547 713 2605 libri
739 2553 770 2605 et
796 2553 966 2619 argumento
993 2549 1050 2605 iam
1072 2547 1107 2605 de
1129 2563 1198 2604 con-

87 2643 152 2701 silio
174 2645 234 2702 eius
256 2646 326 2716 quid
340 2646 509 2717 investigari
529 2645 627 2718 possit,
650 2646 778 2704 breviter
792 2645 919 2704 afferam.
952 2643 1198 2703 Proficiscendum

86 2745 183 2798 autem
207 2746 278 2812 puto
305 2758 323 2799 a
351 2743 447 2800 verbis
471 2744 528 2800 illis
555 2744 658 2815 capitis
679 2745 717 2802 55
748 2745 904 2811 mutilatis,¹
933 2743 983 2801 ubi
1009 2743 1044 2800 de
1071 2759 1101 2801 se
1126 2743 1198 2814 ipso,
1279 2764 1281 2767 ¹

86 2840 195 2910 patria,
229 2838 343 2896 familia
362 2838 472 2897 Lucius
492 2840 649 2911 respondet
669 2841 796 2912 praesidi
816 2842 1000 2914 percontanti
1020 2839 1113 2916 Πατὴρ
1140 2838 1198 2914 μέν,

87 2936 163 3011 ἔφην,
189 2981 242 2994 ...
265 2937 319 2993 ἔστι
340 2957 387 3010 μοι
407 2934 533 3002 Λούκιος,
555 2937 596 3012 τῷ
617 2935 646 2992 δὲ
668 2936 777 3014 ἀδελφῷ
798 2940 838 3014 τῷ
858 2937 919 3016 ἐμῷ
940 2937 1029 3000 Γάϊος.
1066 2934 1148 3013 ἄμφω
1171 2935 1200 2992 δὲ

85 3031 119 3088 τὰ
140 3032 220 3090 λοιπὰ
241 3031 288 3091 δύο
310 3032 431 3108 ὀνόματα
446 3033 522 3092 κοινὰ
536 3035 646 3111 ἔχομεν,
681 3033 756 3108 κάγὼ
772 3034 821 3108 μὲν
836 3035 958 3113 ἱστοριῶν
977 3035 1022 3094 καὶ
1036 3032 1126 3093 ἄλλων
1147 3031 1201 3108 εἰμὶ

85 3128 264 3207 συγγραφεύς,
286 3131 300 3188 ὁ
324 3131 354 3188 δὲ
375 3130 487 3206 ποιητὴς
509 3130 634 3206 ἐλεγείων
661 3130 715 3189 ἐστὶ
740 3131 785 3190 καὶ
806 3131 899 3207 μάντις
920 3133 1029 3208 ἀγαθός·
1053 3131 1147 3209 πατρὶς
1169 3130 1199 3188 δὲ

84 3227 148 3302 ἡμῖν
169 3225 273 3303 Πάτραι
293 3231 341 3304 τῆς
358 3224 483 3305 Ἀχαίας.
528 3227 642 3302 Optime
669 3228 704 3286 de
725 3229 779 3284 hoc
804 3229 867 3286 loco
888 3229 1024 3287 Rohdeus
1046 3230 1077 3288 in
1097 3229 1197 3287 libello

86 3325 135 3394 qui
155 3329 201 3382 est
222 3326 257 3383 de
277 3326 392 3383 ratione
413 3325 490 3383 inter
510 3325 633 3383 Luciani
654 3325 777 3383 Asinum
794 3326 936 3399 Luciique
948 3327 1198 3400 Metamorphoses

84 3420 282 3477 intercedente
309 3437 338 3492 p.
367 3423 404 3478 12
441 3422 605 3495 exposuisse
637 3422 706 3479 mibi
736 3421 864 3496 videtur,
898 3424 974 3493 quod
1002 3424 1111 3481 Lucius
1139 3428 1199 3481 tam

85 3521 220 3573 accurate
241 3516 276 3574 de
297 3517 408 3575 familia
429 3523 458 3575 et
478 3519 581 3577 studiis
601 3520 692 3576 verba
712 3519 839 3588 faceret,
872 3535 929 3577 non
949 3522 1022 3578 bene
1042 3536 1127 3592 posse
1149 3537 1198 3578 ex·

85 3612 190 3684 plicari
209 3613 265 3670 nisi
279 3629 457 3685 poneremus,
478 3621 540 3674 toto
561 3618 616 3674 hcc
630 3602 728 3675 libello
744 3621 854 3675 certum
875 3617 1000 3689 aliquem
1016 3618 1196 3690 scriptorem,

85 3709 122 3766 ad
144 3724 227 3780 quem
261 3710 356 3768 omnia
385 3711 438 3769 illa
464 3712 651 3782 quadrarent,
684 3713 798 3771 irrisum
824 3729 894 3771 esse.
936 3714 1005 3771 Iam.
1022 3720 1092 3774 vero
1112 3712 1198 3775 Asini

86 3806 245 3876 ‚Lucianei‘
268 3806 364 3864 indole
378 3813 530 3880 perspecta
543 3811 705 3868 necessario
721 3809 913 3881 colligendum
927 3815 971 3868 cst
992 3827 1049 3869 una
1069 3827 1133 3869 cum
1154 3826 1198 3868 re·

85 3903 170 3974 liquis
190 3904 279 3962 etiam
299 3908 392 3961 totum
413 3909 501 3977 ceput
521 3907 559 3966 55
581 3923 616 3965 ex
635 3907 728 3965 Lucio
749 3908 970 3980 transscriptum
985 3924 1047 3966 csse
1067 3907 1196 3978 ideoque,

86 4001 161 4073 quod
195 4002 262 4061 inde
298 4002 353 4059 iste
388 4001 507 4074 collegit
538 4003 573 4062 de
603 4003 709 4076 Asino,
742 4004 886 4076 pertinere
917 4005 1014 4077 potius
1045 4005 1083 4063 ad
1112 4004 1198 4062 Lucii

84 4100 240 4172 exemplar.
282 4096 381 4171 Atque
407 4099 523 4158 videtur
546 4102 604 4160 ista
629 4102 795 4160 coniectura
821 4101 886 4175 ipsa
910 4101 1002 4159 libelli
1021 4102 1100 4160 illius
1121 4118 1196 4159 ccm-
