2752 4806
584 431 782 492 ..6-

126 622 271 679 nationem
303 621 471 694 patriarcha
497 622 547 678 ille
573 621 755 680 doctissimus
786 626 816 679 et
846 638 963 693 prorsus
989 623 1075 681 aliam
1106 624 1245 682 institnit.

126 716 175 775 Sic
202 717 277 776 enim
303 719 398 790 pergit
429 717 474 776 καὶ
505 717 562 794 γὰρ
589 717 632 780 ώς
653 717 705 774 ἀπὸ
737 717 855 782 πλάτους
880 722 935 777 τῶν
967 719 1087 779 Λουκίου
1115 720 1202 794 λόγων
1229 721 1245 778 ό

126 811 280 877 Λουκιανὸς
301 812 488 877 ἀπολεπτύνας
514 812 559 872 καὶ
580 813 726 892 περιελών,
759 813 810 872 ὅσα
832 815 870 891 μὴ
898 815 987 874 ἐδόκει
1015 816 1089 893 αύτῷ
1110 818 1176 894 πρὸς
1196 819 1245 875 τὸν

128 909 227 969 οἰκεῖον
248 911 369 988 χρήσιμα
391 910 503 983 σκοπόν,
538 910 628 975 αὐταῖς
659 934 688 969 τε
711 910 796 977 λέξεσι
826 911 870 970 καὶ
895 911 1045 979 συντάξεσιν
1072 913 1108 976 εἰς
1132 913 1180 971 ἕνα
1210 915 1247 973 τὰ

127 1007 206 1065 λοιπὰ
228 1007 396 1085 συναρμόσας
418 1007 506 1083 λόγον,
532 1008 633 1072 Λούκις
653 1006 770 1085 ἢὌνος
790 1008 940 1087 ἐπέγραψεν
960 1011 991 1067 cb
1013 1009 1119 1069 ἐκεῖθεν
1140 1011 1246 1069 ύποσυ-

127 1102 220 1180 ληδέν.
267 1104 454 1163 Manifestum
485 1111 543 1173 est,
575 1106 650 1163 sieut
680 1106 751 1163 illud
776 1104 814 1169 τίς
844 1105 902 1183 γὰρ
938 1106 1030 1184 χρόνῳ
1065 1107 1246 1185 πρεσβύτερος

127 1199 203 1260 ούπω
236 1204 337 1280 ἔχομεν
366 1205 464 1277 γνῶναι
500 1218 615 1261 causam
646 1201 748 1261 afferat
779 1205 860 1261 verbi
889 1204 1090 1277 praecedentis
1121 1203 1246 1277 εἰκάζειν,

126 1299 167 1358 sic
192 1301 247 1358 hoc
268 1299 435 1359 confirmare
461 1301 565 1359 debere
597 1305 768 1372 argumento
794 1301 929 1360 adiuncto
953 1307 1046 1361 totam
1072 1303 1246 1359 sententiam

125 1397 360 1469 praecedentem,
393 1402 532 1469 quaeest
564 1398 599 1456 de
633 1398 719 1456 Lucii
748 1397 927 1469 Lucianique
958 1400 1073 1468 ordine,
1106 1400 1177 1456 ἔοικε
1215 1398 1247 1454 δὲ

127 1496 237 1569 μᾶλλον
265 1494 453 1558 δΛουκιανδς
484 1494 683 1571 μεταγράφοντι
713 1493 776 1552 ὅσον
806 1495 930 1569 εἰκάζειν,
962 1496 1083 1567 ideoque
1109 1495 1247 1553 Photium

126 1591 206 1664 inde,
240 1592 316 1662 qnod
336 1591 497 1650 Luciannm
524 1592 769 1651 animadverterat
799 1593 937 1650 nonnulla
968 1610 1003 1651 ex
1027 1593 1114 1651 Lucii
1139 1593 1245 1650 latiore

126 1685 225 1744 fabula
250 1688 413 1760 sustulisse,
447 1704 519 1759 quae
546 1689 582 1747 sd
607 1705 668 1746 rem
694 1690 785 1762 ipsam
811 1689 975 1747 necessaria
1001 1706 1063 1747 esse
1089 1705 1145 1746 non
1166 1689 1246 1746 vide·

126 1789 244 1854 rentur,
276 1784 399 1842 Lucium
424 1802 442 1842 a
466 1784 598 1843 Lucieno
631 1786 806 1858 exscriptum
837 1802 900 1844 esse
930 1787 1089 1858 collegisse.
1141 1786 1247 1843 Audax

126 1897 202 1939 sane
229 1882 373 1939 conclusio
400 1898 491 1952 neque
516 1884 638 1940 multum
663 1883 877 1956 probabilitatis
902 1901 974 1957 prae
999 1900 1029 1941 se
1050 1884 1158 1955 ferens;
1189 1884 1247 1941 nisi

129 1977 207 2037 forte
228 1994 292 2036 curn
306 1979 426 2037 Rohdeo
447 1985 582 2051 putamus
603 1980 635 2054 (l.
653 1997 676 2038 c.
698 1998 726 2053 p.
751 1980 809 2056 9)¹)
831 1996 888 2039 non
902 1997 937 2038 ea
961 1980 1044 2038 nobis
1065 1979 1247 2052 respicienda

128 2092 192 2135 esse
213 2075 313 2135 Photii
339 2082 508 2149 argumenta
532 2077 722 2150 debilissima,
756 2094 829 2149 quae
849 2079 910 2151 ipse
931 2078 1076 2144 attulerit,
1111 2077 1162 2135 sed
1184 2093 1246 2135 cer-

128 2172 243 2232 tissima
262 2174 329 2243 illa,
361 2189 434 2244 quae
455 2174 516 2231 sine
538 2173 624 2232 dubio
645 2179 760 2246 praesto
783 2172 950 2246 siluerint,
984 2174 1034 2232 sed
1056 2190 1119 2231 cum
1142 2174 1245 2231 damno

127 2275 229 2329 nostro
251 2271 287 2328 ab
310 2287 342 2329 eo
364 2268 422 2328 sint
442 2271 557 2330 silentio
577 2272 790 2344 praetermissa.
833 2273 912 2344 Quae
934 2288 997 2329 cum
1024 2273 1068 2329 ita
1087 2271 1154 2341 sint,
1177 2288 1246 2341 quo-

130 2368 209 2425 niam
223 2367 322 2426 Photii
343 2368 480 2427 iudicium
501 2369 558 2426 nisi
577 2369 607 2426 in
629 2370 683 2436 eis,
707 2369 968 2440 caesariemque,
991 2369 1039 2440 qui
1060 2370 1113 2427 hos
1133 2367 1247 2425 libellos
1321 2437 1323 2441 ι

130 2466 255 2538 legeret,
282 2466 375 2539 primo
402 2468 505 2526 obtutu
531 2472 726 2539 occurrerent,
759 2483 816 2525 non
840 2468 962 2525 multum
987 2465 1172 2524 auctoritatis
1191 2465 1248 2522 sibi

130 2579 269 2634 arrogare
300 2579 384 2635 posse
416 2568 495 2622 recte
527 2563 669 2636 cognitum
703 2569 755 2634 est,
787 2565 845 2621 iam
865 2563 903 2621 ad
923 2568 1081 2621 extremam
1103 2562 1163 2619 eius
1184 2579 1248 2620 sen·

130 2660 255 2718 tentiam
278 2659 461 2732 accedamus,
492 2675 548 2732 qua
568 2661 633 2731 agit
653 2659 688 2717 de
709 2661 822 2719 diverso
843 2660 944 2717 horum
966 2659 1086 2717 duorum
1108 2659 1248 2716 librorum

129 2757 260 2815 consilio
303 2757 377 2816 Sunt
397 2761 494 2814 autem
520 2756 607 2814 verba
631 2757 704 2814 haec
727 2757 797 2831 πλὴν
823 2755 837 2812 ὁ
859 2755 909 2830 μὲν
935 2754 1087 2820 Λουκιανὸς
1114 2756 1248 2815 σκώπτων

128 2852 177 2912 καὶ
205 2851 338 2929 διασύρων
364 2853 413 2929 τὴν
435 2850 601 2929 Ἑλληνικὴν
627 2853 845 2929 δεισιδαιμονίαν,
878 2852 969 2930 ώσπερ
992 2852 1042 2912 κάν
1067 2856 1122 2917 τοῖς
1148 2851 1247 2925 ἄλλοις,

133 2949 178 3009 καὶ
198 2951 294 3008 τοῦτον
315 2947 481 3020 συνέταττεν,
503 2949 518 3006 δ
539 2949 569 3006 δὲ
590 2947 708 3012 Λούκιος
728 2950 887 3015 σπουδάζων
904 2971 934 3008 τε
956 2949 1000 3009 καλ
1020 2949 1113 3014 πιστὰς
1133 2949 1249 3025 νομίζων

129 3047 177 3111 τὰς
204 3045 232 3112 ἐξ
253 3045 406 3122 ἀνθρώπων
429 3045 466 3109 εἰς
492 3046 627 3122 ἀλλήλους
653 3045 877 3124 μεταμορφώσεις
903 3045 951 3110 τάς
978 3068 1008 3104 τε
1034 3045 1062 3112 ἐξ
1081 3046 1186 3122 ἀλόγων
1212 3046 1250 3111 εἰς

129 3143 296 3221 ἀνθρώπους
317 3142 363 3202 καλ
384 3141 514 3203 ἀνάπαλιν
535 3143 581 3202 καὶ
601 3144 646 3202 τὸν
662 3141 744 3202 ἄλλον
765 3148 819 3201 τῶν
841 3147 962 3203 παλαιῶν
983 3143 1079 3220 μύθων
1100 3143 1183 3202 ύδλον
1205 3143 1250 3203 καὶ

129 3241 274 3318 φλήναφον
295 3242 386 3318 γραφῇ
406 3241 550 3317 παρεδίδου
572 3242 656 3299 ταῦτα
677 3240 722 3300 καὶ
736 3240 900 3318 συνύφαινεν.
939 3243 1015 3324 Agit·
1024 3243 1116 3314 igitur
1129 3242 1250 3300 Photius

130 3339 257 3412 primum
284 3338 320 3396 de
341 3339 430 3397 Asino
451 3339 598 3397 Lucianeo
621 3355 741 3411 eumque
767 3340 841 3397 sicut
862 3344 973 3398 ceteros
999 3325 1062 3397 eius
1082 3339 1140 3398 viri
1160 3339 1249 3397 libros

131 3451 166 3494 eo
188 3435 307 3493 consilio
323 3435 512 3507 compositum
534 3451 596 3493 esse
610 3433 744 3506 affirmat,
765 3442 798 3493 nt
818 3437 936 3494 nimiam
951 3435 1129 3495 Graecorum
1150 3453 1249 3509 super·

132 3531 278 3590 stitionem
309 3531 455 3590 irrideret.
504 3533 565 3604 Quo
592 3533 698 3591 indicio
729 3534 926 3605 patriarcham
952 3533 1117 3592 foedissime
1137 3535 1249 3607 lapsum

206 3751 227 3820 ¹)
247 3751 347 3818 „Wean
370 3752 418 3805 coir
436 3753 509 3805 comit
528 3751 619 3806 λείρια
642 3753 738 3806 Granni
759 3753 897 3820 σαίρουσιν,
926 3754 967 3807 οδε
983 3755 1107 3822 positivae
1126 3753 1251 3822 Αιιραόοο

132 3841 177 3894 dcc
196 3839 302 3894 Plotius
324 3842 351 3892 ιἰι
368 3840 460 3910 ι’σρεκᾱ
482 3842 560 3894 einero
579 3839 679 3894 ΡααΙοιο
702 3860 736 3895 συ
755 3843 912 3909 berweifela,
940 3858 966 3895 σο
990 3842 1092 3895 aeden
1115 3842 1162 3893 wir
1181 3841 1248 3893 oucb

132 3930 231 3998 ροκσίρι
248 3929 301 3981 rein
319 3930 428 3998 meissen,
449 3930 495 3992 sair
514 3930 555 3982 die
573 3930 717 3995 Annobme,
741 3931 800 3983 dors
819 3931 913 3984 Lusias
931 3930 978 3983 der
997 3929 1078 3982 ditare
1097 3929 1144 3982 der
1162 3929 1251 3981 ballea

133 4015 321 4088 Sebrijtsteller
338 4018 386 4085 sci,
407 4017 499 4086 syene
520 4018 613 4071 welche
632 4019 808 4086 υααδηίιιρσα
829 4017 937 4071 Grrinde
954 4023 1180 4082 υοναυοκασασσαι,
1208 4015 1249 4068 die

135 4113 240 4159 erratas
257 4124 292 4158 aa
310 4107 400 4159 coellec
417 4107 552 4176 caryotae
571 4106 648 4160 Meiba
667 4107 761 4162 adre.“
