2752 4806
557 362 777 426 ...23-

110 573 179 615 rans
197 556 325 616 invisere
347 556 383 614 cd
404 555 564 628 quempiam
579 554 634 613 sibi
649 555 774 615 devertit
787 556 990 617 familiarem«
1017 556 1075 616 Sed
1089 556 1227 615 facillime

34 725 37 731 ,
109 659 208 711 tamen
231 653 377 711 refellitur
396 652 494 719 verbis
518 652 687 723 quibusdam
714 654 817 726 eapitis
839 655 890 724 32,
919 654 969 712 ubi
994 656 1066 712 haec
1090 655 1228 726 leguntur

113 750 278 819 ,Matutino
304 766 350 807 me
375 749 473 807 multis
498 749 644 808 holeribus
670 755 802 809 onustum
828 751 986 823 proximam
1008 751 1154 818 civitatem
1179 751 1227 808 de·

111 848 215 906 ducere
244 852 396 906 consuerat
429 846 586 905 dominns.“
639 847 723 907 Unde
752 848 875 919 spatium
902 863 959 909 non
988 863 1109 920 parvum
1139 848 1227 905 inter·

110 945 216 1002 lectum
255 943 342 1002 inisse
379 946 457 1003 inter
490 945 606 1003 hortum
645 944 799 1016 urbemque
842 945 999 1003 clarissime
1040 945 1223 1017 perspicitur.

110 1042 210 1112 Neque
230 1042 343 1098 omnino
363 1042 516 1113 quidquam
535 1057 571 1098 ex
591 1041 640 1099 illo
660 1043 724 1100 loco
744 1042 842 1114 priore
863 1043 898 1100 de
917 1043 996 1100 horti
1015 1043 1073 1099 situ
1089 1040 1226 1098 concludi

113 1142 218 1210 potest,
245 1154 309 1195 cum
335 1139 510 1210 comparatis
535 1138 656 1197 Graecis
684 1138 792 1210 verbis,
820 1139 982 1209 exquibus
1007 1154 1159 1210 expressus
1180 1142 1225 1196 est

112 1234 208 1314 (initio
235 1252 297 1307 cap.
320 1237 357 1292 45
386 1235 424 1298 ὡς
446 1234 475 1292 δὲ
495 1233 619 1310 ἤλθομεν
642 1235 765 1311 (scilicet
785 1233 813 1298 ἐς
833 1235 882 1311 τὴν
900 1233 990 1308 πάλιν)
1004 1234 1049 1292 τὸν
1065 1234 1114 1309 μὲν
1135 1236 1224 1309 κῆπον

113 1330 194 1389 αυτοῦ
221 1337 340 1408 συνεργιρ
366 1331 565 1390 recreatione
590 1335 726 1409 γεωργεῖν,
753 1331 833 1396 αὐτὸς
859 1331 889 1388 δὲ
914 1331 959 1390 τὸν
986 1329 1107 1390 κίνδυνον
1128 1330 1174 1388 τὸν
1195 1329 1228 1390 ἐκ

111 1432 160 1505 τῆς
182 1429 245 1486 ὁδοῦ
267 1428 362 1493 δεδιὼς
383 1428 527 1506 κρύπτεται
541 1429 598 1505 ἅμα
614 1429 676 1504 ἐμοὶ
689 1428 756 1507 πρός
769 1451 839 1494 τινος
859 1432 914 1487 τῶν
936 1427 964 1485 ἐν
986 1426 1058 1486 άστει
1079 1426 1228 1503 συνήθων),

113 1529 270 1587 clarissime
296 1534 445 1600 appareat,
472 1529 544 1586 nihil
569 1529 648 1587 aliud
679 1530 735 1586 hae
758 1529 905 1604 *sententia
935 1527 1126 1599 significatum
1158 1540 1227 1593 esse,

113 1627 170 1683 nisi
190 1626 374 1684 hortulanum
399 1632 467 1684 tunc
492 1626 607 1683 hortum
628 1643 710 1684 suum
730 1625 892 1697 neglexisse
919 1625 999 1683 etin
1020 1624 1091 1682 urbe
1112 1637 1227 1679 reman-

114 1723 194 1790 sisse,
216 1727 250 1780 ut
271 1721 347 1793 apud
368 1704 510 1794 hospitem
530 1722 654 1793 aliquem
673 1722 788 1781 lateret.
830 1723 924 1793 Quare
946 1737 1010 1779 cum
1031 1736 1072 1789 ea,
1095 1735 1169 1789 quae
1189 1718 1225 1775 de

111 1820 214 1877 itinere
235 1818 381 1875 hortulani
395 1819 433 1875 ad
446 1818 587 1876 rusticum
600 1817 676 1876 iacto
691 1819 769 1876 dicta
790 1823 863 1889 sunt,
886 1833 1021 1875 unacum
1042 1815 1226 1898 sequentibus

113 1920 192 1974 recte
214 1921 293 1972 stare
314 1914 393 1972 nullo
414 1915 499 1972 modo
520 1912 646 1987 possint,
662 1913 824 1972 firmissime
845 1914 911 1972 inde
933 1915 1072 1986 probatur
1092 1914 1172 1970 illam
1192 1913 1227 1970 de

117 2013 218 2070 rustici
238 2011 396 2068 infortunio
411 2011 538 2069 fabulum
553 2013 588 2070 ab
602 2009 728 2087 Apuleio
744 2012 856 2069 demum
877 2011 914 2068 ad
934 2010 1045 2067 fontem
1058 2009 1228 2081 primarium

112 2110 254 2168 adiectam
276 2125 347 2166 esse.

191 2206 260 2263 Plus
280 2207 368 2263 etiam
382 2207 520 2264 momenti
534 2207 659 2265 afferunt
671 2207 709 2264 ad
722 2208 899 2279 propositum
918 2211 1046 2264 nostrum
1062 2221 1104 2276 ea,
1127 2202 1229 2276 quibus

112 2305 177 2377 ipsa
198 2304 250 2361 illa
270 2320 364 2376 pugna
384 2305 461 2361 iuter
479 2304 601 2361 militem
621 2304 861 2375 hortulannmque
875 2303 1026 2364 commissa
1046 2299 1227 2359 describitur.

113 2399 357 2458 Proficiscendum
379 2401 486 2473 optime
509 2416 527 2457 a
548 2399 664 2459 Graeco
682 2401 850 2457 narratione
871 2404 951 2471 puto,
975 2400 1056 2454 cuins
1077 2397 1227 2455 exordium

113 2498 256 2555 ascribam
282 2496 319 2572 (c.
347 2498 399 2571 45)
424 2496 472 2556 καί
491 2518 557 2554 ποτε
584 2495 708 2562 ἐξιόντων
733 2497 813 2572 ἡμῶν
835 2495 866 2554 ἐκ
891 2497 939 2552 τοῦ
960 2493 1049 2569 κήπου
1072 2491 1228 2570 ἐντυγχάνει

64 2610 67 2615 ’
113 2593 181 2671 ἀνὴρ
202 2597 322 2668 γενναῖος
347 2594 510 2672 στρατιώτου
537 2595 635 2670 στολὴν
660 2592 843 2670 ἠμφιεσμένος
869 2591 967 2651 καὶτὰ
989 2591 1037 2666 μὲν
1063 2593 1158 2666 πρῶτα
1180 2593 1228 2647 λα-

115 2693 159 2748 λεῖ
175 2691 242 2767 πρὸς
262 2692 336 2767 ἡμᾶς
356 2694 392 2769 τῇ
410 2690 526 2750 Ἰταλῶν
551 2693 632 2769 φωνῇ
653 2690 698 2750 καὶ
717 2689 800 2768 ἤρετο
821 2689 867 2748 τὸν
888 2688 1027 2765 κηπουρὸν
1049 2687 1110 2746 ὅποι
1131 2685 1230 2760 ἀπάγει

115 2787 162 2844 τὸν
184 2785 246 2845 ὄνον
269 2786 330 2862 ἐμέ·
354 2789 368 2845 ὁ
391 2789 429 2861 δέ,
452 2787 535 2862 οἶμαι,
556 2792 605 2864 τῆς
619 2791 712 2865 φωνῆς
726 2787 840 2863 ἀνόητος
861 2786 899 2844 ὢν
921 2784 998 2843 οὐδὲν
1020 2783 1191 2862 ἀπεκρίνατο·
1214 2783 1235 2853 ὁ,

113 2883 144 2941 δὲ
169 2883 340 2961 ὀργιζόμενος
367 2885 405 2949 ὥς
430 2884 640 2963 ὑπερορώμενος
664 2884 735 2943 παίει
760 2887 795 2962 τῇ
817 2883 922 2959 μάστιγι
942 2883 988 2940 τὸν
1013 2882 1152 2959 κηπουρὸν
1178 2880 1229 2939 κά·

115 2983 204 3045 κεῖνος
229 2981 412 3057 συμπλέκεται
442 2981 516 3058 αὐτῷ
542 2988 597 3042 ete.
643 2983 779 3054 Magnam
805 2982 990 3040 offensionem
1014 2980 1136 3052 praebet
1166 2994 1229 3035 sen·

114 3079 208 3136 tentia
229 3079 275 3138 καὶ
294 3079 329 3137 τολ
350 3079 399 3155 μὲν
420 3082 516 3156 πρῶτα
537 3083 616 3138 λαλεῖ
626 3079 693 3157 πρὸς
706 3080 780 3155 ἡμᾶς
799 3101 833 3156 τῃ
845 3075 959 3136 Ἰταλῶν
974 3078 1061 3153 φωνῇ.
1088 3076 1228 3148 Apertum

114 3181 160 3233 est
179 3177 269 3235 verba
289 3175 324 3233 τὰ
338 3176 387 3250 μὲν
401 3179 497 3252 πρῶτα
517 3177 579 3234 sola
599 3177 745 3248 pertinere
763 3192 848 3248 posse
869 3175 906 3233 ad
920 3174 1051 3246 proxima
1066 3173 1102 3249 τῇ
1111 3170 1228 3230 Ἰταλῶν

113 3273 207 3348 φωνῇ,
242 3272 362 3343 ideoque
395 3272 439 3330 his
474 3272 713 3344 praecedentibus
747 3271 907 3330 necessario
943 3270 1106 3343 exspectari
1140 3269 1228 3327 aliam

114 3368 291 3441 respondere
312 3369 495 3436 sententiam,
529 3385 586 3439 qua
605 3374 755 3426 narratum
787 3370 826 3426 sit
846 3373 949 3440 postea
974 3368 1095 3425 militem
1116 3365 1229 3425 Graece

112 3480 225 3539 quoqne
255 3467 439 3524 hortulanum
465 3471 666 3538 percontatum
692 3483 768 3525 esse..
811 3466 893 3537 Quod
918 3481 981 3524 cum
1006 3469 1104 3522 textus
1130 3468 1230 3520 noster

113 3579 171 3620 non
197 3569 409 3629 commemoret,
437 3564 567 3621 conicere
587 3564 658 3622 lieet
683 3580 748 3621 enm
771 3565 818 3621 hio
845 3578 956 3634 quoqne
981 3561 1145 3618 mutilatum
1166 3575 1229 3618 esse

114 3666 145 3718 et
169 3661 247 3717 inter
273 3662 362 3718 verbs
392 3659 531 3737 κὴπουρόν
563 3669 593 3717 et
623 3659 748 3722 κάκεῖνος
778 3660 936 3732 longiorem
968 3674 1127 3716 sermonem
1152 3657 1229 3714 inter

48 3781 51 3786 ·
116 3758 302 3816 hortulanum
323 3766 354 3816 et
370 3758 491 3816 militem
512 3758 590 3816 illins
613 3757 754 3831 precibus,
775 3762 808 3814 ut
822 3755 935 3815 Graece
954 3757 1129 3827 loqueretur,
1151 3771 1229 3812 oom-

114 3859 222 3911 motum
248 3853 398 3914 excidisse.
444 3853 527 3927 Quod
553 3855 618 3913 aliis
645 3870 755 3925 quoque
781 3855 960 3927 argumentis
989 3852 1228 3911 verisimillimum

104 3950 155 4009 nt.
199 3951 257 4009 Cur
277 3952 354 4008 enim
374 3952 558 4022 hortulanus,
590 3968 653 4010 eum
674 3952 767 4024 plagis
787 3952 889 4010 militis
910 3951 1114 4020 intellexisset,
1146 3949 1228 4006 illum

114 4048 230 4107 silentio
250 4064 302 4106 suo
316 4048 495 4121 indignatum
518 4066 589 4123 esse,
612 4065 669 4107 non
690 4049 843 4121 respondet
857 4049 885 4107 ei
906 4049 1044 4107 sermonis
1064 4045 1229 4120 ignorantia
