2752 4806
632 430 853 496 ..36-

186 626 284 686 ὲκεῖνοι
304 623 466 685 ἐκάθευδον.
498 625 543 683 Dc
564 624 668 696 quibus
688 625 760 683 haec
774 624 890 684 disserit
906 624 1017 694 „Credo
1032 625 1184 698 scripsisse
1197 624 1302 685 Lucis-

185 740 253 782 num
286 721 376 798 ἐκείνη
398 721 556 781 ἐκάθευδεν.
598 721 660 794 Agi
690 738 791 795 nempe
816 723 1001 781 manifestum
1026 728 1073 782 est
1103 723 1139 780 de
1160 724 1301 796 cubiculo,

185 820 236 878 nbi
251 819 412 893 Hipparchi
434 819 558 877 coniunx
579 818 704 878 dormire
725 819 843 890 solebat,
865 835 921 876 non
937 820 973 878 de
987 820 1130 878 communi
1142 820 1304 893 Hipparchi

185 924 215 976 et
247 917 376 989 coniugis
407 915 547 974 cubiculo.
590 916 706 975 Etenim
738 917 763 975 si
793 921 862 975 tunc
887 916 1028 976 adfuisset
1048 917 1238 991 Hipparchus
1258 920 1304 977 vel

187 1014 345 1086 dormiens,
372 1014 422 1085 qui
443 1013 567 1072 coniunx
588 1029 660 1072 ausa
680 1017 763 1081 esset,
785 1013 951 1087 praestigiis
971 1030 1003 1072 se
1023 1015 1146 1087 magicis
1166 1015 1198 1072 in
1219 1030 1302 1076 avem

185 1115 320 1170 mutaret>
341 1111 397 1183 Qui
407 1111 580 1184 praesertim
594 1115 660 1183 post
673 1111 763 1168 herae
775 1110 931 1170 discessum
942 1127 1013 1169 ausa
1023 1111 1129 1170 inisset
1139 1111 1301 1184 Palaestra,

184 1208 215 1266 in
235 1209 290 1266 hoc
310 1208 372 1281 ipso
394 1207 523 1265 cubiculo
545 1207 666 1278 intrare,
687 1210 720 1264 nt
739 1207 808 1265 inde
828 1207 962 1281 pyxidem
978 1207 1134 1266 aufferret?
1154 1209 1217 1269 Nec
1239 1226 1302 1268 cre·

184 1304 272 1362 dibile
294 1304 389 1362 estin
410 1304 473 1376 ipso
499 1302 664 1375 Hipparchi
685 1304 815 1362 cubiculo
835 1305 965 1376 magicas
985 1306 1099 1365 arculas
1120 1310 1150 1363 et
1169 1307 1302 1380 capsulas

183 1418 201 1461 a
221 1402 393 1460 muliercula
414 1400 519 1459 callida
540 1405 570 1458 et
590 1400 727 1473 prudenti
747 1399 834 1459 fuisse
855 1402 1007 1475 repositas,
1029 1403 1122 1461 tutius
1136 1403 1301 1478 inproprie

183 1517 234 1558 suo
257 1499 388 1558 conclavi
409 1502 543 1570 suspecta
565 1498 637 1556 artis
657 1497 775 1556 infamis
788 1499 980 1558 instrumenta
993 1502 1155 1559 servabat.“
1194 1499 1302 1561 Contra

184 1597 259 1668 qnod
274 1597 458 1654 Lehmannus
479 1594 551 1652 nihil
572 1595 651 1652 aliud
672 1596 803 1667 protulit,
824 1596 881 1653 nisi
895 1597 996 1655 miram
1010 1598 1154 1669 quandam
1174 1600 1302 1658 auctoris

184 1692 399 1766 neglegentiam
420 1693 474 1750 hoc
494 1693 558 1750 loco
578 1691 704 1750 fortasse
725 1693 912 1751 statuendam
933 1710 1004 1752 esse.
1040 1694 1100 1753 Sed
1114 1712 1169 1768 ego
1184 1712 1301 1768 prorsus

184 1792 273 1849 aliter
303 1790 445 1848 existimo.
488 1788 629 1847 Conferas
655 1790 731 1847 enim
751 1788 923 1863 Apuleium,
957 1791 1006 1861 qni
1025 1791 1091 1850 loco
1113 1793 1302 1865 respondenti

118 1940 121 1945 .
182 1887 232 1946 ΠΙ
252 1889 289 1945 21
313 1887 386 1946 baec
405 1887 494 1945 habet
517 1886 648 1958 „iamque
670 1887 749 1945 circa
769 1888 892 1960 primam
912 1889 1006 1945 noctis
1026 1888 1153 1961 vigiliam
1174 1890 1214 1948 ad
1227 1890 1301 1949 illud

183 1986 318 2058 superius
349 1983 511 2042 cubiculum
542 1999 680 2056 suspenso
713 1988 743 2042 et
773 1968 873 2042 insono
905 1984 1030 2059 vestigio
1061 2002 1107 2043 me
1135 1988 1300 2058 perducit‘.

182 2083 315 2142 Indicare
336 2082 399 2139 vult
418 2082 480 2140 sine
502 2081 587 2139 dnbio
609 2082 771 2139 cubiculum
791 2083 888 2154 paullo
910 2087 978 2140 ante
1000 2098 1062 2156 cap.
1081 2083 1126 2156 17,
1159 2086 1194 2143 18
1213 2102 1299 2145 accu-

182 2188 247 2238 rate
268 2181 304 2238 ab
327 2195 360 2236 eo
382 2178 567 2250 descriptum,
590 2179 664 2250 quod
685 2180 809 2237 maxime
830 2180 941 2237 artibus
963 2180 1022 2238 suis
1043 2180 1163 2253 magicis
1177 2198 1300 2243 commo·

184 2278 283 2336 datum
303 2277 463 2350 Hipparchi
483 2292 556 2333 uxor
576 2280 688 2334 secreto
710 2277 831 2334 colebat.
866 2277 912 2335 En
929 2283 1066 2350 tenemus,
1090 2279 1167 2349 quod
1180 2282 1301 2354 requirit

182 2374 403 2445 Boissonadins;
435 2379 521 2446 atque
546 2375 632 2433 valde
658 2375 813 2432 verisimile
841 2380 886 2433 est
921 2376 1090 2447 Apuleium,
1118 2393 1183 2435 eum
1204 2383 1300 2437 cetera

183 2473 278 2531 omnia
299 2489 334 2530 ex
355 2471 447 2530 Lucio
468 2471 615 2543 petiverit,
637 2486 674 2528 ne
695 2472 749 2528 hoc
770 2472 884 2543 quidem
905 2473 1000 2544 ipsum
1020 2473 1173 2533 invenisse.
1207 2474 1299 2534 Grac-

182 2586 231 2628 cus
252 2575 349 2628 antem
364 2574 523 2641 excerptor,
549 2586 612 2626 cnm
627 2570 927 2627 commemorationem
942 2574 972 2628 et
983 2571 1209 2644 descriptionem
1223 2573 1299 2631 illius

183 2668 308 2726 cubiculi
332 2667 459 2740 priorem
480 2683 538 2724 una
559 2682 622 2724 cum
644 2666 751 2723 fabulis
771 2667 1011 2737 praecedentibus
1031 2668 1219 2742 resecuisset,
1241 2685 1300 2726 mu·

181 2771 247 2823 tare
269 2769 385 2823 coactus
400 2767 464 2821 erat
478 2763 658 2834 mutavitque
674 2779 709 2820 ex
723 2763 928 2821 consuetudine
943 2781 995 2823 sna
1010 2780 1095 2836 qnam
1109 2766 1296 2838 ineptissime.

264 2861 340 2919 Satis
372 2860 508 2933 apparuit
537 2862 593 2918 hoc
624 2877 736 2931 qnoque
767 2862 831 2919 loco
858 2861 933 2936 (cap.
959 2861 1008 2935 ll)
1029 2860 1155 2920 Asinum
1175 2865 1297 2937 pessime

181 2958 346 3016 mutilatum
377 2973 439 3015 esse
470 2963 557 3028 atque
588 2958 764 3016 lineamenta
794 2963 907 3016 tantum
933 2959 1016 3017 modo
1044 2959 1126 3018 nobis
1146 2963 1296 3034 praebere,

182 3072 255 3128 quae
287 3055 429 3113 coloribus
448 3052 623 3126 Apuleianis
650 3055 793 3127 explenda
819 3060 898 3124 sunt,
925 3056 951 3113 si
971 3038 1115 3130 integram
1135 3058 1222 3117 Lucii
1241 3058 1299 3117 Pa·

181 3154 287 3211 transis
308 3153 460 3225 imaginem
482 3153 637 3210 restituere
657 3153 795 3210 volumus.
834 3155 937 3211 Restat
957 3154 1061 3226 igitur,
1082 3159 1115 3211 ut
1137 3173 1174 3214 ex
1195 3156 1297 3228 Apulei

182 3249 290 3308 tabulis
310 3249 380 3320 qnid
400 3249 438 3307 ad
459 3250 580 3307 Lucium
601 3248 770 3307 Patrensem
791 3250 905 3321 redeat,
934 3251 1003 3322 quid
1025 3252 1090 3309 aliis
1111 3252 1296 3311 exsortibus

181 3348 326 3406 adiectum
349 3347 396 3416 sit,
419 3346 614 3405 diiudicemns.
647 3345 746 3416 Atque
766 3348 822 3405 hoc
843 3347 956 3418 quidem
977 3347 1114 3407 facillime
1127 3350 1298 3422 perspicitur

183 3451 214 3503 et
224 3445 411 3518 Byrrhaenae
432 3443 556 3502 convivii
578 3448 607 3501 et
624 3445 700 3501 risus
711 3442 778 3501 festi
793 3445 1016 3517 descriptionem
1030 3450 1060 3504 et
1074 3446 1159 3504 Lucii
1171 3463 1297 3519 pugnam

182 3559 245 3601 cum
267 3543 362 3600 tribus
383 3542 495 3599 utribus
516 3541 696 3599 commissam
718 3548 747 3599 et
767 3542 881 3601 Fotidis
903 3543 938 3600 de
961 3543 1094 3601 dominae
1115 3560 1184 3602 snae
1200 3560 1297 3603 amore

180 3641 272 3711 deque
293 3640 415 3708 artibus,
437 3639 540 3709 quibus
561 3638 703 3695 amasium
725 3639 801 3696 ciere
821 3639 966 3697 studuerit
986 3645 1016 3698 et
1036 3658 1088 3713 pro
1104 3641 1153 3699 illo
1168 3645 1249 3702 utres
1262 3641 1299 3700 ad

182 3741 294 3810 portam
316 3752 396 3794 suam
417 3734 579 3804 adduxerit,
601 3736 799 3793 narrationem
813 3736 959 3794 artissime
973 3737 1050 3796 inter
1064 3755 1095 3796 se
1109 3755 1198 3798 nexas
1215 3742 1300 3801 colli·

182 3840 323 3906 gatasque
344 3849 406 3891 esse
427 3838 458 3891 et
478 3849 536 3890 una
556 3837 676 3905 recepta
697 3849 794 3890 omnes
815 3835 1004 3907 recipiendas.
1038 3835 1103 3909 Qua
1124 3839 1172 3896 vel
1192 3842 1298 3898 solare

179 3931 250 3990 satis
271 3929 403 3990 firmatur
423 3947 472 3988 eas
492 3946 549 3987 non
571 3931 606 3986 ab
622 3930 745 4002 Apuleio
768 3931 879 3988 demum
900 3934 1050 4005 appositas
1075 3952 1149 4008 esse,
1173 3937 1221 4007 qni
1235 3952 1300 3996 snas

181 4028 295 4086 fabulas
325 4029 478 4086 laxissimis
509 4027 633 4085 vinculis
663 4029 710 4088 vel
742 4029 839 4101 potius
866 4031 954 4089 nullis
980 4037 1011 4089 et
1036 4032 1113 4091 inter
1133 4050 1165 4092 se
1185 4039 1215 4092 et
1236 4051 1299 4092 cum

176 4126 277 4183 abula
302 4126 366 4198 ipsa
391 4124 565 4195 coniungere
587 4125 703 4185 soleret.
740 4126 840 4197 Neque
861 4132 956 4199 petest
977 4129 1080 4200 negari
1100 4132 1172 4189 satis
1193 4131 1301 4205 leporis
