2752 4806
531 397 752 458 ..27-

84 587 232 659 voluisset,
255 588 314 645 illis
335 588 515 659 colloquium,
538 588 614 660 quod
632 588 776 662 Apuleius
798 587 889 647 refert
908 590 938 646 in
959 605 1021 661 cap.
1044 591 1092 659 21,
1113 590 1200 646 attri·

84 685 173 742 buere
194 689 325 742 eoactum
346 702 416 743 1111.
783 666 785 671 ’
931 688 934 694 ’

170 779 226 838 Sed
247 782 320 839 haee
345 785 514 854 argumenta
544 781 629 841 valde
654 781 761 840 debilia
788 781 869 840 duco.
912 781 1098 841 Manifestum
1124 784 1200 840 enim

86 884 132 936 est
152 878 228 950 apud
242 877 399 951 Apuleium
421 879 541 937 comites
561 896 597 937 ea
617 880 679 938 sola
700 879 735 937 de
756 895 843 936 causa
863 880 997 938 inductos
1018 896 1089 950 esse,
1112 885 1144 936 ut
1165 881 1199 936 de

85 978 207 1036 Socrate
228 977 328 1035 fabula
342 979 380 1035 ab
393 979 429 1036 iis
443 979 557 1035 narrari
570 982 676 1050 posset,
698 977 818 1047 ideoque
832 978 884 1034 illa
904 982 1017 1035 resecta
1036 977 1200 1049 excerptori

87 1092 125 1133 ne
139 1076 286 1133 minimam
306 1075 419 1145 quidem
434 1091 548 1133 oausam
562 1074 658 1142 fuisse,
681 1090 732 1132 cur
753 1090 801 1132 eos
811 1073 962 1133 retineret.
994 1075 1082 1131 Immo
1105 1073 1202 1131 omnia

85 1172 195 1244 optime
209 1171 411 1243 procedebant,
429 1172 454 1229 si
468 1188 486 1229 1
501 1171 595 1244 eapite
611 1172 629 1228 2
643 1171 742 1229 statim
757 1170 794 1227 11
808 1174 894 1242 caput
908 1170 947 1228 11
958 1170 1201 1244 progrediebatur

85 1268 206 1340 reliquis
237 1269 367 1326 omnibus
398 1269 518 1328 omissis.
561 1269 639 1339 Quae
671 1275 734 1326 tum
766 1268 809 1324 ita
830 1267 900 1337 sint,
933 1283 987 1338 ego
1014 1267 1090 1323 nullo
1116 1266 1200 1324 modo

86 1382 203 1438 possum
223 1365 296 1422 mihi
320 1365 508 1437 persuadere,
532 1370 741 1437 excerptorem,
764 1380 828 1421 eum
853 1364 904 1420 illo
930 1363 1013 1421 modo
1040 1363 1146 1434 optime
1172 1367 1202 1420 11

85 1461 223 1520 facillime
234 1461 545 1520 fabulam-abbreviare
562 1463 698 1534 potuerit,
721 1460 793 1518 miro
809 1461 906 1530 aliquo
921 1461 1057 1518 comitum
1070 1459 1199 1516 retinen·

89 1560 190 1618 dorum
225 1559 318 1617 studio
345 1563 506 1631 permotum
537 1564 629 1617 totam
660 1559 856 1628 insequentem
887 1558 1040 1615 historiam
1065 1560 1200 1614 mutasse.

87 1655 181 1713 Multo
202 1656 315 1727 quidem
338 1655 503 1713 credibilius
524 1660 568 1713 est
588 1653 754 1727 Apuleium,
778 1670 842 1712 cum
866 1654 1016 1712 comitibus
1037 1669 1104 1712 usus
1125 1657 1204 1710 esset

89 1752 127 1810 ad
148 1751 276 1810 fabulam
297 1752 377 1809 illam
397 1753 585 1822 narrandam,
607 1753 664 1810 iam
680 1731 792 1823 novam,
815 1751 853 1808 11
873 1767 957 1822 quam
977 1750 1062 1808 Lucii
1082 1766 1200 1821 percon·

88 1849 214 1907 tationes
229 1849 429 1921 dirigerentur,
452 1864 603 1922 personam
624 1849 714 1920 ipsum
731 1848 885 1915 addidisse,
907 1846 982 1918 quod
1003 1862 1067 1904 eum
1087 1847 1203 1918 saepius

87 1946 192 2004 fecisse
213 1950 315 2018 postea
335 1945 502 2003 uidebimus
920 1999 925 2007 ,

169 2043 276 2100 Verum
307 2047 402 2100 tamen
428 2043 589 2100 accuratius
620 2042 650 2097 in
680 2042 754 2098 hano
784 2056 846 2097 rem
870 2039 1071 2110 inquirendum
1103 2044 1148 2097 est
1173 2044 1203 2096 et

87 2139 180 2197 totius
205 2139 262 2196 looi
293 2142 445 2196 contextus
470 2137 676 2210 respiciendus.
717 2136 871 2194 Concurrit
896 2137 1004 2194 Lucius
1035 2136 1110 2208 apud
1135 2135 1202 2203 ,Lu-

88 2233 211 2291 cianum‘
237 2233 358 2305 Hypata
387 2232 568 2306 profecturus
600 2250 663 2292 cum
694 2233 760 2291 aliis
792 2233 973 2306 quibusdam,
1006 2233 1055 2304 qui
1086 2239 1116 2290 et
1145 2233 1202 2304 ipsi

86 2329 209 2402 Hypata
229 2334 340 2402 petant.
382 2331 445 2387 Iam
459 2351 461 2355 ·
476 2348 539 2388 cum
565 2331 602 2388 11
627 2330 728 2388 urbem
749 2332 930 2403 accessisset,
965 2332 1079 2401 quaerit
1100 2346 1135 2387 ex
1155 2330 1202 2402 iis,

89 2444 156 2485 num
182 2427 384 2500 Hipparchum
409 2429 550 2498 quendam
581 2428 729 2499 cognitum
759 2429 897 2497 habeant,
931 2428 1008 2500 apud
1034 2442 1116 2496 quem
1147 2426 1203 2483 sibi

90 2523 296 2582 devertendum
317 2525 364 2590 sit,
386 2524 530 2596 petitque,
552 2528 585 2580 ut
605 2524 720 2582 domum
746 2524 807 2582 sius
832 2525 888 2581 sibi
914 2523 1077 2582 ostendant.
1120 2523 1203 2580 Haeo

90 2621 187 2678 omnia
207 2622 280 2678 bene
302 2620 379 2678 inter
399 2638 429 2679 11
456 2622 611 2679 cohaerent
632 2636 666 2678 ac
686 2637 722 2678 ne
748 2621 895 2679 minimum
916 2621 1031 2692 quidem
1051 2619 1204 2692 vestigium

88 2717 231 2791 praebent
244 2719 445 2790 excerptionis.
487 2716 630 2776 Similiter
651 2719 728 2790 apud
748 2719 905 2790 Apuleium
927 2734 1037 2789 quoque
1059 2717 1204 2776 concurrit

88 2816 288 2874 Lucius·eum
323 2815 432 2874 duobus
456 2815 578 2889 Hypata
598 2813 858 2887 proficiscentibus,
891 2815 942 2872 sed
967 2831 1025 2873 non
1045 2814 1075 2871 id
1100 2830 1136 2873 ex
1162 2814 1204 2870 eis

90 2913 213 2984 quaerit,
228 2913 304 2984 quod
316 2913 343 2970 11
354 2913 428 2971 seire
440 2928 510 2984 opus
522 2916 583 2970 erat
595 2912 630 2970 de
641 2911 758 2979 Milone,
775 2912 826 2970 sed
839 2917 906 2985 post
918 2911 1035 2969 illorum
1049 2912 1205 2970 discessum

92 3026 128 3068 ex
149 3025 221 3082 copa
241 3009 339 3080 aliqua
359 3013 556 3081 percontatur,
578 3025 646 3065 num
666 3009 780 3066 omnino
801 3009 927 3081 Hypatis
953 3009 993 3066 sit
1019 3025 1142 3080 numque
1162 3009 1204 3065 ibi

88 3107 161 3165 Milo
182 3106 299 3178 quidam
312 3107 433 3165 habitet.
475 3104 533 3165 Sed
546 3091 703 3178 permirum
717 3122 780 3163 esse
794 3107 909 3164 videtur
930 3121 995 3164 eum
1015 3107 1064 3177 qui
1084 3107 1203 3177 longum

88 3210 202 3277 tempus
233 3221 297 3263 cum
322 3205 432 3262 duobus
452 3204 671 3278 Hypatensibus
697 3204 756 3261 iter
780 3220 926 3261 commune
953 3204 1084 3274 fecisset,
1116 3207 1204 3274 atque

90 3301 205 3360 abillis
231 3302 327 3359 omnia
352 3302 405 3359 illa
435 3303 543 3374 optime
575 3302 734 3374 comperire
764 3305 874 3374 posset,
907 3317 964 3358 non
990 3318 1025 3359 ex
1050 3302 1109 3359 illis
1132 3302 1205 3357 haee

92 3399 281 3471 quaesivisse,
314 3403 403 3470 utque
428 3399 547 3457 Milonis
579 3399 666 3481 11111
690 3398 746 3457 sibi
770 3399 966 3471 ostenderent,
993 3399 1130 3471 petivisse
1155 3397 1205 3455 sed

89 3495 219 3570 Hypatis
240 3497 361 3570 demum,
386 3513 454 3554 num
479 3497 595 3554 omnino
620 3502 702 3555 recta
727 3498 776 3556 vie
800 3496 945 3570 proiectus
971 3497 1008 3554 sit
1029 3498 1205 3569 Hypataque
1261 3559 1269 3571 .

91 3610 160 3654 vere
174 3595 347 3667 pervenerit,
364 3595 520 3653 sciscitari,
546 3595 634 3654 Patet
647 3596 748 3666 igitur,
770 3611 844 3666 quae
864 3595 940 3667 apud
954 3594 1114 3652 Lucianum
1134 3591 1206 3649 bene

91 3696 122 3750 et
142 3695 209 3765 apte
224 3692 391 3764 procedent,
414 3692 514 3750 eadem
534 3693 611 3765 apud
625 3690 784 3765 Apuleium
797 3691 963 3749 introducta
976 3704 1067 3762 copae
1082 3703 1206 3762 persona

92 3787 209 3861 dirupta
230 3804 292 3846 1111
318 3792 348 3846 11
369 3788 536 3860 depravata.
578 3789 643 3861 Qua
673 3789 708 3846 11
735 3787 1054 3857 eausamihiquidem
1079 3790 1206 3844 nonest
1323 3844 1332 3860 ,

91 3885 217 3955 dubium,
239 3886 307 3956 quin
327 3884 399 3943 falso
420 3885 457 3981 de
477 3887 533 3943 hae
553 3885 670 3944 fabulae
691 3890 775 3958 parte
793 3884 1011 3944 Goldbacherus
1031 3883 1205 3942 iudicaverit

44 4045 47 4050 ,
91 3984 178 4052 atque
199 3999 256 4039 uon
278 3983 442 4054 ,Lucienus‘
464 3983 519 4041 hoc
538 3984 603 4041 1000
624 3985 734 4041 iontem
754 3983 910 4042 mutaverit
935 3982 986 4040 sed
1005 3981 1157 4054 Apuleius,
1239 3981 1244 3988 '

172 4079 273 4150 Neque
309 4080 403 4152 magis
438 4080 472 4139 de
503 4081 694 4138 Aristomenis
728 4079 827 4137 fabula
857 4079 1058 4138 Goldbaobero
1089 4093 1231 4151 possum>
