2752 4806
587 405 787 468 -g-

130 599 218 656 miros
244 614 310 655 suos
335 615 418 657 casus
445 615 548 668 eosque
581 614 667 671 saepo
693 616 785 669 neque
811 599 954 671 gloriosos
980 617 1072 670 neque
1103 600 1253 662 honestos.

134 712 198 752 cum
219 695 396 767 lepidissima
418 696 538 765 quadem
564 700 663 752 narret
688 696 777 769 ipsius
797 697 892 754 ironia
914 702 944 754 et
969 697 1119 768 aptissima
1140 697 1178 754 ad
1199 697 1255 754 de-

130 793 281 850 lectandos
294 793 452 864 legentium
467 794 585 850 animos.
621 792 701 862 Quae
718 810 781 852 oum
795 793 837 851 ita
854 795 922 860 sint,
943 797 994 851 aut
1008 810 1105 851 omnes
1125 792 1251 865 fabulas,

130 890 161 946 in
182 891 283 960 quibus
305 891 401 961 aliquo
422 891 484 948 loco
506 891 541 948 de
562 890 647 948 rebus
669 891 791 961 magicis
811 896 925 962 agatur,
947 892 978 948 in
998 875 1090 960 iisque
1111 889 1251 948 Petronii

132 988 250 1059 satiras,
280 988 317 1045 ad
343 989 575 1066 superstitionem
604 988 790 1046 deridendam
815 989 987 1059 compositas
1008 1005 1069 1046 esse
1091 987 1253 1060 putandum

133 1090 187 1156 est,
205 1090 257 1142 aut
271 1084 481 1143 concedendum
495 1084 630 1142 Photium
645 1084 692 1142 hio
713 1100 824 1155 quoque
838 1084 940 1140 mirum
955 1083 986 1140 in
999 1083 1113 1141 modum
1128 1101 1252 1145 errasse.

129 1182 232 1252 Neque
253 1181 377 1240 difficilis
398 1182 515 1239 inventu
542 1186 586 1240 est
608 1198 694 1240 causa
719 1182 840 1253 erroris3
873 1182 935 1253 ipse
957 1181 1032 1238 enim
1059 1198 1121 1238 eam
1143 1186 1251 1253 aperte

130 1279 314 1352 significauit,
336 1296 400 1337 cum
421 1280 551 1337 adiceret
563 1279 654 1337 verba
675 1279 765 1355 ὥσπερ
780 1279 830 1336 κάν
851 1282 906 1340 τοῖς
926 1276 1025 1341 ἄλλοις.
1068 1278 1252 1336 Conclusisse

130 1377 222 1448 igitur
247 1377 362 1434 videtur
382 1377 561 1450 patriarcha,
593 1393 656 1434 cum
679 1383 791 1435 ceteros
812 1376 872 1434 fere
895 1393 992 1435 omnes
1013 1377 1136 1435 Luciani
1157 1377 1253 1435 libros

129 1475 159 1530 in
181 1474 357 1531 Graecorum
388 1474 591 1545 superstitione
618 1474 791 1546 exagitanda
822 1475 1018 1545 similibusque
1051 1491 1149 1532 eorum
1170 1479 1251 1532 tem-

131 1587 231 1642 porum
252 1572 444 1643 pravitatibus
465 1577 620 1645 occupatos
641 1588 703 1630 esse
723 1573 859 1642 vidisset,
887 1573 917 1629 in
938 1573 992 1630 hoc
1013 1589 1123 1643 quoque
1145 1573 1248 1632 libello

128 1668 259 1726 Luciano
281 1669 427 1741 adscripto
449 1669 568 1727 candem
590 1670 709 1727 satiram
723 1669 900 1727 Lucisneam
920 1671 1013 1727 inesse
1035 1686 1152 1727 necesse
1173 1686 1249 1729 esse.

131 1765 209 1835 Quae
231 1765 418 1823 concludendi
438 1766 515 1823 ratio
537 1749 643 1837 optime
664 1767 819 1838 respondet
833 1766 884 1832 eis,
909 1783 983 1836 quae
998 1782 1061 1823 eum
1076 1767 1111 1824 de
1126 1767 1250 1824 duorum

133 1861 233 1919 horum
253 1863 392 1921 librorum
414 1862 515 1921 ordine
537 1863 687 1935 collegisse
709 1879 796 1934 supra
817 1863 945 1935 exposui.

211 1959 305 2017 Asino
320 1959 465 2016 Lucianeo
487 1960 719 2031 superstitionem
740 1958 882 2016 deridenti
904 1958 1023 2031 opponit
1038 1959 1158 2019 Photius
1180 1960 1245 2020 Me-

130 2057 331 2129 tamorphoses
352 2056 439 2114 Lucii
458 2055 617 2127 Patrensis,
641 2072 723 2127 quom
745 2056 816 2112 dicit
837 2071 933 2112 omnes
954 2055 1019 2112 illas
1039 2073 1087 2114 res
1108 2059 1195 2116 miras
1217 2066 1250 2117 11

132 2154 314 2225 prodigiosas
356 2154 430 2211 serio
472 2169 604 2210 narrasse
646 2154 794 2225 ipsumque
832 2151 999 2210 credidisse.
1056 2154 1113 2212 Sed
1144 2173 1180 2213 ne
1212 2157 1249 2214 do

130 2253 213 2310 huius
245 2251 359 2322 quidem
391 2251 509 2309 oonsilio
540 2252 649 2309 rectius
679 2251 794 2310 videtur
824 2250 967 2309 iudicasse
996 2268 1081 2322 quam
1102 2253 1137 2310 de
1159 2252 1248 2312 Asini

129 2350 280 2422 scriptore.
324 2347 478 2406 Acerrime
499 2349 574 2405 enim
596 2353 760 2421 repugnant
781 2365 830 2420 ea,
863 2363 936 2418 quae
967 2350 1029 2421 ipse
1060 2351 1157 2423 paullo
1178 2355 1248 2410 ante

129 2447 261 2520 exposuit
288 2447 358 2504 duos
380 2446 445 2504 illos
466 2445 557 2505 libros
579 2451 639 2504 tam
661 2446 771 2504 similes
794 2461 870 2515 esse,
903 2451 936 2503 ut
956 2446 1101 2505 Lucienus
1123 2447 1247 2506 Lucium

130 2545 308 2617 excerpsisse
328 2546 485 2614 videretur,
507 2550 594 2616 atque
614 2546 668 2603 hoc
687 2549 799 2602 tanturn
814 2544 986 2602 discriminis
1000 2544 1078 2601 inter
1092 2561 1140 2603 eos
1154 2545 1246 2604 inter·

128 2659 191 2701 esse
221 2643 296 2714 quod
318 2659 380 2700 oum
395 2643 539 2702 Lucienus
559 2644 590 2700 in
610 2644 671 2714 ipso
693 2643 809 2700 fabulae
829 2648 999 2713 argumento
1020 2644 1105 2700 anxie
1125 2661 1156 2701 se
1178 2659 1247 2701 con-

126 2740 251 2812 tineret,
284 2740 392 2797 Lucius
414 2743 514 2798 contra
535 2741 606 2797 alias
628 2755 739 2810 quoque
759 2738 872 2797 fabulas
893 2739 1030 2809 quasdam
1049 2757 1113 2798 cum
1126 2741 1248 2800 historia

128 2837 283 2909 principali
303 2837 414 2895 laxiore
435 2841 547 2894 tantum
568 2836 683 2895 uinculo
705 2837 892 2894 cohaerentes
913 2836 1041 2895 inserere
1060 2854 1118 2895 non
1132 2837 1233 2896 fastidi

127 2938 182 2991 ret.
227 2931 361 2990 Efficitur
395 2933 475 3006 inde,
508 2939 560 2991 aut
581 2933 758 3004 ,Lucianum
790 2934 951 3005 ponendum
977 2935 1137 2993 esseLucii
1161 2952 1246 3008 opus·

128 3030 224 3087 culum
236 3031 422 3100 contraxisse,
444 3036 496 3089 aut
508 3030 628 3111 Lucium
645 3031 785 3097 ‚Luciani‘
802 3028 999 3103 amplificasse.
1020 3031 1099 3089 Illud
1113 3032 1137 3088 si
1152 3033 1244 3105 ponis,

129 3127 318 3185 clarissimum
332 3133 384 3200 est,
406 3129 485 3186 nullo
500 3129 584 3187 modo
599 3144 682 3201 posse
697 3128 830 3199 cogitari,
846 3127 929 3186 abeo
943 3129 1118 3186 narrationis
1132 3129 1244 3188 habitu.

127 3239 211 3294 quem
233 3225 358 3296 epitome
379 3225 484 3297 ubique
505 3241 575 3299 prae
596 3243 626 3284 se
647 3224 712 3296 fert,
734 3224 822 3282 hilari
846 3230 877 3282 11
900 3225 1010 3283 ironico
1025 3226 1134 3298 integri
1146 3229 1242 3298 operis

128 3321 298 3393 scriptorem
318 3323 479 3381 recessisse.
511 3321 563 3381 Sin
584 3328 679 3380 autern
694 3323 816 3379 alteram
836 3323 985 3394 praeferas
999 3324 1150 3390 rationem,
1172 3324 1245 3382 illud

126 3423 224 3490 potest
249 3434 318 3476 sane
344 3419 461 3477 concedi
481 3420 754 3491 Metamorphoseon
776 3419 994 3490 compilatorem
1015 3421 1091 3478 inter
1112 3438 1162 3478 eas
1176 3437 1242 3477 nar-

127 3515 268 3586 rationes,
300 3532 373 3586 quas
404 3517 559 3588 primariae
591 3517 626 3574 de
647 3517 738 3574 Lucio
764 3517 881 3574 fabulae
903 3517 1088 3584 admisceret,
1121 3518 1243 3576 fortasse

130 3613 267 3683 quasdam
299 3614 499 3685 assumpsisse,
532 3614 561 3671 in
588 3615 689 3685 quibus
715 3614 842 3672 eiusdem
863 3615 975 3686 generis
995 3632 1044 3673 res
1064 3617 1193 3687 graviter
1214 3620 1245 3673 et

126 3724 226 3766 severe
247 3713 392 3767 tractatae
413 3714 496 3767 erant
503 3709 533 3784 ¹),
556 3710 679 3781 indeque
694 3710 828 3767 Photium
843 3711 880 3768 ad
894 3712 1067 3770 sententiam
1082 3729 1161 3770 suam
1176 3728 1242 3784 per·

125 3804 242 3862 ductum
280 3821 351 3862 esse.
398 3807 440 3863 At
477 3812 573 3864 tamen
604 3807 788 3866 nihilominus
814 3825 877 3866 eam
905 3808 1008 3867 falsam
1033 3826 1094 3868 esse
1122 3815 1150 3867 et
1177 3826 1243 3881 per·

125 3916 239 3959 versam
283 3909 350 3960 tunc
388 3919 499 3975 quoque
537 3903 799 3962 manifestissimum
838 3912 894 3975 est,
947 3923 1010 3964 curn
1046 3907 1125 3964 nullo
1160 3906 1242 3965 modo

948 4006 964 4044 e

198 4085 224 4152 ¹)
243 4085 320 4140 Idem
347 4085 451 4142 iactum
477 4088 555 4143 vides
579 4088 610 4142 in
627 4088 731 4158 Apulei
749 4088 1031 4158 Metamorphosibus.
