2752 4806
580 419 801 484 ..37-

134 613 225 671 inesse
246 616 277 670 et
296 612 327 669 in
346 612 399 672 illa
418 612 455 670 de
467 612 581 671 utribus
594 613 761 672 narratione
776 618 807 671 et
820 612 851 670 in
864 613 964 671 iudicii
975 612 1010 672 de
1025 612 1117 672 Lucio
1131 617 1251 686 propter

133 713 212 768 utres
243 715 363 768 necatos
386 710 480 768 habiti
506 709 709 783 descriptione.
752 711 847 782 Atque
874 710 962 768 etiam
983 709 1030 769 hic
1052 710 1180 768 cernitur
1200 710 1250 769 ille

133 807 211 866 color
231 807 417 878 narrationis,
439 807 475 865 de
495 823 550 878 quo
571 807 600 864 in
621 807 713 880 primo
736 808 831 881 capite
846 808 935 866 verba
951 806 1018 876 feci,
1039 811 1143 867 utnon
1157 807 1250 867 solum

132 905 211 963 facta
231 909 361 976 externa,
384 905 546 963 sedetiam
566 905 667 977 ipsius,
689 920 762 975 quae
783 903 879 963 omnia
898 908 1009 974 narret,
1032 919 1171 976 personae
1189 905 1249 976 pri·

133 1002 243 1060 mariae
262 1017 310 1059 res
332 1005 362 1059 et
383 1001 462 1060 dieta
483 1000 594 1059 ironice
615 1001 828 1060 describantur.
866 1000 959 1074 Quam
981 1000 1016 1058 ob
1037 1016 1100 1058 rem
1120 1000 1249 1058 dubitari

131 1101 228 1170 potest
250 1113 308 1155 una
329 1097 365 1156 de
386 1097 485 1156 fabula
504 1098 716 1171 Thelyphronis
735 1099 907 1158 1120-30.
939 1098 1038 1169 Atque
1059 1113 1114 1169 ego
1136 1098 1249 1169 quidem

131 1195 205 1253 hanc
236 1194 366 1253 aLucio
387 1195 524 1254 Patrensi
545 1195 784 1261 abiudicaverim‚
818 1195 894 1267 quod
915 1200 945 1255 et
966 1212 1030 1254 eum
1051 1194 1137 1254 Lucii
1157 1195 1249 1267 ipsius

132 1291 245 1350 casibus
276 1307 393 1364 prorsus
424 1308 481 1351 non
513 1293 649 1353 cohaeret
675 1298 706 1351 et
725 1297 786 1351 toto
807 1297 978 1364 argumento
1000 1296 1061 1349 tam
1081 1292 1183 1351 similis
1203 1296 1249 1350 est

131 1387 260 1450 socratis
281 1388 398 1449 fabulae
419 1405 508 1462 supra
527 1405 546 1447 a
566 1390 657 1450 Lucio
673 1389 806 1448 Patrensi
826 1389 962 1460 reiectae,
984 1393 1018 1446 ut
1037 1394 1190 1460 utramque
1211 1389 1248 1446 ab

130 1484 254 1558 Apuleio
274 1502 312 1543 ex
332 1486 434 1545 eodem
454 1485 535 1545 fonte
555 1486 688 1544 haustam
708 1503 771 1545 esse
792 1486 948 1546 verisimile
969 1486 1015 1544 sit.
1046 1485 1148 1544 Habes
1170 1486 1247 1544 enim

131 1581 162 1641 in
187 1586 311 1653 utraque
332 1583 462 1656 corporis
481 1587 580 1656 partes
600 1583 713 1654 aliquas
733 1600 751 1641 a
771 1584 865 1656 magis
885 1599 939 1656 per
959 1599 1088 1641 somnum
1108 1585 1248 1642 rescissas

132 1694 287 1749 rursusque
308 1680 465 1752 appositas,
488 1697 561 1751 quae
583 1680 630 1738 die
650 1685 768 1752 postero
789 1681 885 1753 prima
904 1680 1056 1739 occasione
1069 1680 1248 1740 relabantur.

210 1775 348 1848 Sequitur
361 1776 447 1835 Lucii
466 1777 683 1835 transformatio
699 1774 802 1850 (Apul.
821 1775 871 1835 III
887 1777 1002 1836 19-25
1017 1777 1088 1835 Luc.
1105 1777 1246 1851 11-14).

131 1871 165 1931 Iu
187 1873 353 1933 universnm
373 1874 447 1933 haec
467 1874 584 1933 fabulae
605 1890 674 1946 pars
694 1874 724 1932 in
744 1873 977 1945 utroquelibello
991 1875 1154 1947 parimodo
1170 1879 1246 1932 trac·

131 1972 194 2029 tata
214 1973 267 2028 est.
300 1969 366 2029 Uno
385 1971 448 2029 loco
462 1969 606 2044 Apuleius
626 1971 823 2029 narrationem
841 1971 1000 2043 ampliavit,
1023 1986 1087 2028 cum
1102 1988 1139 2028 ex
1152 1972 1247 2029 verbis

131 2065 255 2125 Graecis
275 2065 393 2144 ἐδεόμην
414 2066 476 2125 τότε
496 2071 545 2144 τῆς
565 2066 736 2146 Παλαίστρας
756 2071 892 2145 πτερῶσαι
912 2067 985 2143 κάμέ
1006 2071 1063 2127 κτλ.
1087 2084 1246 2127 sermonem

130 2164 208 2223 inter
237 2164 360 2223 Lucium
391 2166 579 2237 Fotidemque
609 2163 756 2225 effinxerit
787 2166 865 2240 (cap.
898 2167 949 2238 22,
982 2166 1043 2241 23),
1077 2166 1127 2238 qui
1147 2166 1244 2224 stilum

129 2259 324 2332 Apuleianum
345 2263 452 2334 ubique
473 2262 594 2322 redolet.
630 2262 741 2323 Verum
761 2264 792 2321 in
811 2241 869 2322 line
890 2263 975 2321 huius
996 2263 1135 2321 sermonis
1156 2264 1245 2321 verba

129 2357 271 2428 quaedam
302 2358 416 2417 adiecta
446 2364 526 2428 sunt,
559 2375 630 2430 quae
656 2376 724 2418 sane
744 2361 885 2419 notabilia
905 2365 981 2420 sunt.
1023 2360 1145 2432 Quaerit
1166 2360 1242 2418 enim

127 2454 237 2513 Lucius
258 2471 294 2513 ex
306 2455 414 2514 Fotide
438 2454 514 2525 „Sed
535 2457 610 2527 quod
630 2457 775 2515 sciscitari
795 2473 886 2530 paene
896 2457 1062 2529 praeterivi,
1086 2473 1142 2529 quo
1164 2457 1241 2515 dicto
1339 2505 1342 2512 .

129 2551 243 2610 factove
264 2568 377 2611 rursum
399 2553 493 2611 exutis
513 2553 638 2625 pinnulis
658 2553 719 2611 illis
738 2554 775 2611 ad
794 2569 888 2632 meum
902 2554 1002 2612 redibo
1016 2554 1167 2612 Lucium“.
1200 2554 1246 2612 Ad

128 2649 208 2721 quod
222 2649 304 2709 Fotis
324 2650 481 2723 respondet
501 2650 557 2709 sibi
578 2667 596 2711 a
616 2650 731 2709 domina
745 2651 857 2724 singula
870 2654 1029 2712 monstrata
1043 2667 1114 2724 esee,
1136 2655 1168 2708 ut
1183 2666 1246 2708 earn

128 2746 298 2805 redeuntem
318 2747 457 2806 adiuuare
477 2752 586 2820 posset.
617 2748 682 2807 Non
702 2750 798 2820 potest
811 2748 914 2820 negari
927 2748 1000 2806 haec
1013 2749 1103 2808 verba
1113 2749 1168 2807 hoc
1181 2748 1245 2807 loco

127 2845 280 2917 aptissima
311 2861 372 2904 esse
404 2849 490 2917 atque
522 2844 639 2903 fabulae
669 2850 839 2917 argumento
865 2845 972 2918 optime
993 2845 1155 2909 convenire.
1200 2843 1246 2903 At

126 2946 227 3002 tamen
247 2942 362 3001 minime
382 2942 451 3002 hinc
472 2941 697 3004 concludendum
718 2951 775 3009 est,
808 2958 843 3000 ea
863 2942 901 3000 ad
921 2943 1068 3016 exemplar
1088 2943 1235 3015 pertinere

127 3038 248 3098 Etenim
268 3039 357 3098 etiam
377 3039 525 3122 incapite
545 3039 695 3098 undecimo
716 3038 746 3096 in
767 3039 852 3097 Lucii
873 3039 1041 3111 Fotidisque
1062 3039 1242 3098 sermonibus
1357 3121 1360 3126 .

127 3136 233 3195 harum
263 3136 384 3205 duarum
414 3137 615 3197 narrationum
639 3137 793 3196 diversitas
818 3137 945 3195 occurrit
965 3136 1081 3209 similis,
1117 3150 1246 3209 quaeque

130 3249 194 3293 cum
221 3235 276 3291 hae
297 3238 398 3306 aperte
419 3236 581 3292 cohaereat.
625 3232 697 3292 (lum
718 3233 795 3292 enirn
815 3233 856 3291 ibi
877 3233 908 3290 in
929 3233 1017 3291 Asino
1039 3231 1193 3291 Palaestra
1213 3248 1245 3290 se

128 3332 202 3391 artis
223 3331 355 3405 magicae
375 3347 494 3405 prorsus
513 3331 677 3404 imperitam
699 3346 761 3389 esse
782 3329 966 3403 profiteatur,
982 3393 986 3402 ,
1000 3330 1082 3388 Fotis
1102 3329 1132 3387 in
1153 3328 1246 3387 Meta·

129 3428 328 3502 morphosibue
348 3428 449 3489 11120
470 3429 545 3487 hanc
565 3445 627 3486 rem
648 3428 762 3487 omnino
783 3443 839 3486 nou
859 3427 963 3500 tangit.
995 3425 1055 3486 Sed
1076 3425 1245 3486 incredibile

129 3530 174 3584 est
187 3529 389 3597 excerptorem
413 3526 488 3583 hanc
502 3525 673 3584 sententiam
688 3525 722 3584 de
737 3540 789 3582 suo
803 3524 960 3594 addidisem
983 3523 1069 3581 immo
1084 3522 1251 3581 clarissime·

129 3626 212 3695 patet
225 3620 383 3694 Apuleium
404 3637 469 3679 eam
479 3622 617 3688 omisisse,
640 3638 704 3679 cum
724 3626 826 3694 postea
840 3621 872 3678 in
886 3621 981 3693 capite
995 3621 1034 3680 23
1048 3620 1245 3678 narrationem

129 3719 264 3791 supplere
284 3719 435 3777 statuisset
454 3719 553 3791 ibique
573 3718 709 3778 Fotidem
730 3719 873 3777 dicentem
892 3717 1000 3788 facere,
1022 3733 1053 3776 se
1075 3718 1172 3779 omnia
1192 3717 1245 3777 illa

129 3833 147 3875 a
160 3815 276 3877 domina
290 3833 353 3876 esse
368 3816 509 3876 edoctam.
545 3815 629 3874 Unde
643 3817 805 3875 necessario
821 3815 1004 3889 consequitur
1021 3831 1140 3887 gravem
1163 3815 1244 3873 illam

130 3913 366 3986 discrepantiam,
400 3913 477 3987 quod
496 3912 649 3972 Palaestra
680 3913 804 3987 primum
829 3928 860 3972 se
887 3912 958 3971 artis
978 3913 1107 3985 magicae
1127 3926 1245 3985 prorsus

129 4011 296 4085 imperitam
327 4027 390 4070 esse
422 4008 548 4070 affirmet
578 4011 734 4087 eademque
759 4015 862 4083 postea
882 4007 1040 4068 remedium
1065 4008 1155 4078 norit,
1188 4023 1244 4083 quo

130 4109 228 4167 asinus
248 4109 278 4166 in
299 4108 499 4180 integritatem
520 4107 700 4176 restituatur,
722 4107 760 4164 ad
780 4107 874 4178 ipsum
887 4104 998 4164 fontem
1012 4104 1108 4164 redire
1122 4117 1245 4176 eamque
