2752 4806
529 416 746 479 ..43-

83 609 126 666 his
151 608 268 679 quidem
289 624 343 681 ego
364 624 480 680 possum
501 609 645 667 assentiri.
691 608 877 681 Numaeque
904 615 1127 668 consentaneum
1153 615 1197 669 est

82 707 207 764 latrones
227 705 258 762 in
279 705 374 777 capite
396 706 443 773 23,
465 706 515 764 ubi
535 723 568 763 re
589 706 661 765 bene
683 711 764 779 gesta
784 708 922 778 praedam
942 723 1033 780 prope
1047 709 1195 767 absentem

84 803 202 863 allaturi
223 803 303 861 intra
323 819 431 875 paucas
445 804 532 862 horas
545 804 656 862 reverti
670 805 700 861 in
714 805 809 862 animo
824 804 940 876 babent,
962 821 1018 862 non
1032 805 1196 877 relinquere

83 900 231 960 custodem
254 904 340 971 atque
361 900 415 958 hoc
435 900 512 969 locc,
546 916 609 957 cum
630 901 688 958 iter
708 901 796 958 trium
817 901 927 958 merum
948 900 1109 972 ingressuri
1130 902 1196 974 sint,

83 1013 144 1056 eum
174 998 346 1067 relinquere.
390 998 490 1068 Neque
522 999 614 1070 magis
644 998 700 1056 hoc
725 997 875 1056 molestum
896 1014 958 1057 csse
979 999 1050 1056 mihi
1070 998 1196 1080 videtur,

84 1093 155 1165 quod
176 1098 264 1151 antea
283 1093 313 1151 in
336 1094 429 1166 capite
451 1095 498 1166 20,
521 1110 586 1152 cum
606 1095 736 1154 latrones
750 1112 769 1152 a
783 1095 902 1154 Milonis
918 1095 1017 1154 domus
1032 1095 1195 1168 direptione

82 1191 213 1258 redeant,
246 1191 373 1249 custodis
404 1192 511 1249 mentio
546 1208 603 1249 non
633 1193 713 1251 facta
744 1201 796 1251 cst.
842 1194 916 1250 Nam
941 1209 1055 1265 semper
1076 1194 1130 1250 hcc
1151 1197 1198 1251 est

82 1286 291 1361 respiciendum
312 1289 510 1346 narrationem
527 1304 584 1346 non
604 1305 639 1347 ex
654 1289 781 1347 auctoris
794 1305 918 1361 persona
932 1289 984 1347 sed
998 1290 1073 1347 asini
1087 1289 1195 1348 iactam

83 1401 143 1444 esse
163 1384 286 1456 ideoque
307 1385 454 1443 custodem
475 1389 543 1458 apte
557 1390 626 1443 tunc
640 1386 867 1456 commemorari,
889 1386 939 1444 ubi
953 1387 1014 1444 eius
1027 1386 1196 1458 praesentia

83 1482 118 1541 ad
138 1484 215 1555 asini,
233 1483 377 1540 fortunam
398 1482 520 1541 alicuius
534 1484 670 1541 momenti
685 1484 731 1541 sit.
764 1482 897 1551 Accedit,
919 1483 995 1555 quod
1010 1500 1100 1542 causa
1113 1484 1198 1541 huius

82 1580 323 1653 interpolationis,
338 1597 423 1652 quam
438 1581 656 1639 Goldbacherus
670 1582 781 1648 statuit,
797 1586 898 1654 aperte
912 1581 987 1640 falsa
1002 1586 1056 1641 est.
1089 1580 1197 1639 Conie-

84 1677 122 1735 cit
142 1677 218 1735 enim
239 1677 400 1736 molestiam
420 1677 510 1747 illam,
532 1678 608 1748 quod
629 1678 727 1736 asinus
747 1678 871 1736 nondum
885 1679 915 1736 in
929 1678 1024 1750 capite
1042 1679 1078 1736 21
1095 1679 1197 1749 fugere

83 1779 241 1846 conaretur,
264 1775 314 1833 sed
336 1775 449 1832 demum
470 1775 500 1832 in
523 1777 570 1846 23,
593 1775 624 1833 in
644 1777 758 1846 integro
780 1791 866 1850 opere
886 1776 935 1833 vix
957 1775 1195 1846 animadversam,

83 1870 111 1928 in
131 1871 260 1943 epitoma
280 1871 390 1930 duabus
409 1872 455 1929 his
475 1872 691 1931 narrationibus
710 1873 830 1945 propius
850 1872 953 1945 positis
967 1873 1131 1945 excerptcri
1151 1872 1196 1930 in-

82 1966 264 2026 tolerabilem
293 1969 385 2026 uisam
416 1984 487 2027 esse.
530 1969 587 2028 Sed
613 1984 733 2042 prorsus
757 1970 887 2042 neglexit
922 1969 999 2040 inter
1020 1969 1125 2041 Apulei
1146 1984 1196 2026 ca·

81 2065 143 2136 pita
163 2064 209 2124 IV
232 2067 270 2124 22
291 2071 321 2123 et
343 2065 386 2123 VI
406 2066 444 2124 26
465 2081 538 2137 quae
559 2066 735 2138 respondent
755 2067 813 2124 illis
837 2066 1023 2138 ,Lucianeis‘,
1051 2082 1086 2123 ex
1107 2066 1198 2140 ipsius

83 2162 225 2220 sententia
246 2178 282 2220 ex
302 2162 393 2220 Lucio
407 2161 543 2222 Patrensi
563 2165 668 2222 hausta
689 2165 752 2221 sola
772 2164 913 2222 interesse
934 2163 1030 2235 capite
1040 2162 1085 2222 IV
1099 2166 1145 2236 23,
1158 2163 1197 2221 24

84 2263 114 2316 et
126 2257 171 2318 VI
186 2260 223 2317 25
245 2259 366 2330 ideoque
386 2274 423 2318 ne
443 2260 473 2316 in
494 2258 574 2317 fonte
588 2260 704 2331 quidem
717 2261 794 2318 inter
807 2259 874 2318 illas
887 2259 1070 2319 narrationes
1083 2259 1199 2330 longius

83 2355 265 2415 intervallum
286 2372 371 2428 quam
391 2356 421 2413 in
442 2353 535 2413 Asino
556 2357 723 2415 interfuisse
743 2373 836 2429 posse.
878 2356 959 2429 Quae
980 2373 1044 2415 cum
1065 2357 1107 2414 ita
1128 2357 1194 2427 sint,

66 2453 161 2516 nudo
182 2453 265 2510 modo
286 2468 402 2524 possum
422 2454 547 2524 probare
568 2453 797 2524 epitomatorem,
818 2468 902 2524 quem
923 2453 994 2511 satis
1013 2454 1071 2510 iam
1092 2467 1199 2523 cogno·

83 2551 174 2609 vimus
195 2551 238 2608 ila
258 2549 318 2608 fere
340 2566 401 2607 rem
420 2550 553 2622 gessisse,
574 2555 608 2607 ut
627 2550 745 2608 fabulae
765 2548 897 2623 partibus
917 2549 1086 2621 quibusdam
1101 2565 1197 2607 resec·

83 2649 121 2706 tis
140 2647 256 2718 reliqua
276 2651 415 2718 quantum
436 2646 497 2705 eius
517 2643 583 2704 fieri
604 2653 734 2719 poterat,
757 2662 813 2704 nou
834 2652 947 2704 mutata
968 2646 1191 2704 transscriberet

84 2748 139 2805 hoo
169 2746 233 2804 loco
264 2743 360 2801 nescio
386 2759 443 2814 qua
465 2743 500 2802 de
521 2759 607 2803 causa
629 2744 775 2803 custodem
797 2745 832 2803 de
854 2760 904 2802 suc
925 2745 1079 2813 adiecisse3
1114 2745 1199 2801 immo

84 2842 246 2902 certissime
276 2839 481 2898 affirmaverim
516 2841 564 2898 hic
594 2858 707 2912 quoque
732 2843 879 2912 integrum
904 2842 990 2900 Lucii
1015 2842 1201 2914 exemplare

84 2939 236 3015 ,Lucieno‘
257 2937 471 3010 repraesentari
502 2938 578 3010 quod
601 2937 745 3012 Apuleius
770 2940 868 2998 nescio
896 2956 953 3011 qua
973 2939 1009 2997 de
1031 2955 1119 2997 causa
1138 2952 1201 2994 mu-

83 3041 201 3110 taverit,
222 3045 256 3098 ut
276 3039 391 3112 saepius
412 3054 478 3097 eum
497 3037 601 3097 fecisse
622 3037 754 3096 vidimus.

168 3136 291 3195 Charite
313 3138 449 3207 asinoque
463 3134 622 3208 Tlepolemi
642 3135 751 3192 astutia
772 3134 896 3192 servatis
915 3133 1042 3192 traditur
1055 3133 1152 3191 asinus
1164 3131 1201 3190 ab

85 3237 164 3295 illius
184 3239 271 3308 patre
298 3232 473 3291 armentario
505 3232 636 3303 equisoni
656 3233 687 3290 in
707 3247 791 3304 agros
812 3231 995 3289 deducendus
1009 3231 1105 3301 ibique
1118 3229 1202 3303 pueri

86 3332 234 3393 cuiusdam
271 3332 405 3404 agasonis
436 3330 610 3389 crudelitate
640 3330 825 3389 acerbissime
855 3335 979 3388 vexatur
1009 3327 1112 3403 (Apul.
1141 3326 1202 3386 VII

88 3431 205 3489 15-28
226 3428 300 3488 Luc.
323 3427 466 3504 27-33).
499 3427 712 3486 Describuntur
732 3427 801 3485 illae
823 3427 1005 3485 calamitates
1018 3426 1048 3483 in
1062 3426 1202 3483 ambobus

85 3527 171 3586 libris
192 3530 251 3584 tam
274 3526 415 3595 similiter,
436 3529 471 3582 ut
490 3524 574 3583 multi
593 3525 652 3583 loci
671 3524 709 3582 ad
728 3525 849 3583 verbum
869 3523 930 3582 fere
952 3525 1120 3596 congruant.
1166 3522 1202 3580 In

85 3627 148 3699 ipso
179 3632 278 3683 tamen
308 3623 364 3681 fine
395 3610 496 3681 huius¹
513 3623 607 3695 partis
627 3620 770 3695 Apuleius
795 3622 922 3680 fabulam
943 3621 1030 3680 affert
1051 3621 1086 3678 de
1109 3625 1202 3678 morte

87 3722 170 3794 pueri
199 3721 279 3779 illius
304 3721 425 3780 crudelis
453 3720 529 3795 (cap.
553 3719 696 3794 24-28),
717 3735 790 3791 quae
811 3736 830 3776 a
851 3719 998 3790 ,Luciano‘
1021 3719 1125 3777 omissa
1146 3722 1202 3779 est.

87 3818 256 3893 Exemplari
277 3833 341 3876 eam
361 3816 482 3876 ascribit
503 3817 718 3877 Goldbacherus
738 3821 860 3889 propter
877 3816 1055 3875 narrationis
1077 3815 1202 3874 colorem

88 3917 368 3989 simplicitatemque.
413 3914 508 3988 Quam
538 3913 710 3973 sententiam
743 3914 869 3986 probare
902 3928 956 3984 ego
988 3927 1045 3970 non
1076 3928 1202 3984 possum.

88 4011 218 4072 Primum
239 4013 313 4071 enim
333 4013 388 4072 hoc
408 4028 519 4084 quoque
538 4012 602 4070 loco
617 4010 724 4070 accidit
737 4010 887 4082 Apuleius,
909 4009 940 4068 id
954 4008 1031 4080 quod
1045 4009 1102 4067 iam
1116 4024 1203 4081 saepe

90 4112 176 4171 crisin
198 4116 327 4170 nostram
347 4109 470 4182 adiuvit,
502 4113 547 4182 ut,
569 4125 643 4180 quae
664 4108 798 4178 addebat,
819 4108 940 4179 reliquis
960 4122 1124 4179 repugnare
1145 4121 1203 4163 non
