2714 4808
509 329 730 391 „15-

50 516 176 581 flacco
200 525 296 591 textu,
328 520 378 590 qui
402 522 433 577 iu
456 521 576 591 reliquia
595 530 733 578 accurate
753 522 909 594 respondet
928 522 996 579 huic
1015 523 1178 580 sententiae

16 615 258 689 Apuleiana.
290 632 324 673 eo
355 617 432 680 loco,
463 634 520 688 quo
550 619 716 689 nuptiarum
736 619 788 675 illa
807 621 916 676 mentio
936 619 1083 676 inicienda
1102 630 1176 690 erat,

22 714 126 773 :sola
146 713 274 771 exhibita
293 719 361 770 sunt
380 715 583 772 molestissima
601 715 655 772 illa
673 716 763 773 rerba
782 719 838 778 τοῖς
858 715 1038 790 mapeae
1057 734 1076 773 a
1096 718 1177 774 nullo

55 826 153 882 usque
183 811 277 869 adhuc
295 811 487 882 probabiliter
506 812 661 883 explicata
691 812 774 885 Quae
794 829 859 869 cum
878 814 924 870 ita
943 815 1019 878 siut,
1051 813 1177 870 dilucide

59 922 208 981 apparere
228 909 298 965 mihi
317 908 450 975 videtur,
476 909 507 964 in
527 910 611 966 Asini
631 926 743 980 quoque
763 911 924 981 exemplari
942 912 975 967 iu
993 911 1079 967 initio
1099 911 1177 968 illius

46 1005 226 1081 ‚sententiae
244 1005 360 1061 illarum
373 1006 538 1076 nuptiarum
551 1008 726 1063 mentionem
738 1005 846 1063 iactam
860 1024 924 1064 esse
937 1007 989 1064 sed
1002 1009 1040 1064 ab
1060 1023 1179 1079 excerp·

56 1105 127 1160 tore
158 1102 291 1172 omissam
318 1108 436 1174 praeter
454 1104 543 1159 uerba
562 1104 616 1160 illa
634 1119 710 1161 nunc
730 1105 863 1162 absolute
882 1106 979 1176 pomta
998 1107 1055 1167 τοῖς
1074 1126 1178 1179 κεκτη-

54 1197 159 1275 μένοις.
190 1199 237 1256 Ad
248 1199 354 1270 Apulei
374 1201 536 1270 exemplum
552 1202 726 1257 seutentiam
745 1201 958 1272 simplicioeime
972 1202 1016 1259 sic
1028 1203 1174 1275 suppleas,

10 1318 23 1354 ·.
56 1300 93 1353 ut
113 1295 225 1353 scribas
244 1294 292 1352 ani
310 1317 358 1370 por
376 1298 426 1352 τοῦ
446 1294 537 1369 γέμω
558 1295 692 1370 &sophron
712 1300 769 1359 τοῖς
788 1296 967 1372 κεκημὲιοι,
978 1306 1035 1356 ete.
1066 1297 1178 1355 Verum

55 1392 86 1451 si
108 1393 173 1463 quis
192 1393 334 1465 ampliora
352 1399 468 1450 resecta
488 1410 553 1452 esse
572 1395 735 1464 contendat,
757 1412 812 1466 ego
832 1411 891 1452 non
911 1395 1061 1465 obloquar.

10 1542 20 1549 .
142 1489 438 1548 Totabaeiabulae
464 1497 549 1563 parte
574 1498 758 1563 pertractata
784 1491 1177 1556 amnemamaccedam.

57 1602 137 1657 qnae
157 1592 202 1644 est
221 1587 257 1645 de
276 1588 358 1644 rabie
379 1588 454 1645 asini
473 1590 611 1645 simulata
631 1589 702 1663 (Ap.
718 1590 761 1646 IX
777 1590 855 1646 1-4
868 1590 940 1647 Luc.
954 1591 1017 1662 40).
1049 1590 1179 1646 Narrant

60 1683 149 1742 ambo
169 1685 327 1757 scriptores
345 1685 476 1750 munau,
500 1692 535 1743 ut
554 1687 697 1743 lanienam
718 1704 737 1743 a
757 1703 826 1744 coco
845 1688 1042 1745 imminentem
1062 1687 1178 1748 ritaret.

57 1778 93 1836 iu
113 1781 206 1852 ipsum
227 1782 396 1855 triclinium,
415 1784 465 1839 ubi
484 1783 619 1839 domiuus
637 1799 701 1839 cum
715 1783 912 1840 sacerdotibus
925 1784 1091 1853 senabatur,
1113 1797 1178 1840 sese

55 1879 215 1939 immisisse
235 1885 267 1936 et
285 1886 380 1937 totum
400 1895 490 1937 cenae
504 1886 678 1952 apparatum
691 1879 902 1936 incursionibus
914 1882 975 1937 suia
989 1881 1177 1941 disturbasse.

57 1977 95 2033 In
116 1977 304 2048 sequemmus
323 1977 488 2050 discrepant
507 1977 701 2034 narrationes.
732 1975 819 2049 Apud
838 1975 1016 2045 ,Lucianum
1037 1980 1114 2035 euim
1128 1997 1177 2038 ex·

56 2074 144 2145 ponit
174 2074 272 2131 asinus
307 2091 339 2131 se
363 2091 427 2131 eam
459 2075 496 2132 ob
516 2090 633 2130 musam
653 2074 696 2129 ita
716 2089 747 2130 se
766 2074 902 2145 gessisse,
939 2074 1015 2144 quod
1045 2082 1178 2147 speraret

59 2170 209 2228 dominum
228 2187 260 2228 se
279 2176 313 2228 ut
331 2172 472 2228 incisum
492 2176 573 2228 certo
592 2171 690 2240 aliquo
710 2171 774 2228 loco
795 2171 892 2228 claudi
910 2178 942 2228 et
960 2173 1105 2230 custodiri
1117 2173 1177 2231 ius-

56 2283 159 2325 surum
179 2284 251 2326 esse.
288 2266 347 2326 Sed
367 2269 526 2326 miserrime
546 2269 602 2325 hac
621 2285 672 2339 spe
693 2285 725 2325 se
745 2285 808 2326 esse
827 2269 987 2341 deceptum
1028 2269 1176 2327 Rabidum

55 2364 136 2423 enim
167 2381 199 2422 se
232 2381 296 2424 esse
326 2367 461 2424 convivas
489 2372 571 2423 ratos
591 2365 750 2422 cuiusmodi
778 2365 847 2422 telis
879 2365 1007 2437 arreptis
1027 2367 1058 2422 in
1078 2382 1110 2422 se
1130 2366 1175 2422 in-

55 2463 185 2521 cum'sse
210 2479 299 2534 seque
319 2471 472 2522 necatores
491 2463 594 2527 fuisse,
620 2463 678 2520 nisi
697 2463 729 2518 in
749 2463 919 2530 cubiculum,
939 2464 970 2519 in
989 2479 1046 2533 quo
1067 2462 1176 2519 domini

56 2559 294 2632 devertebantur,
317 2562 452 2633 protinus
471 2561 634 2633 irrupisset.
664 2559 700 2616 In
714 2576 771 2630 quo
784 2558 822 2616 ab
834 2559 894 2616 illis
907 2559 1018 2617 foribus
1034 2560 1177 2617 obseratis

58 2656 205 2714 inclusum
234 2673 304 2716 eme
340 2658 427 2730 Apud
447 2658 601 2731 Apuleium
632 2661 734 2714 contm
758 2673 790 2712 re
810 2672 879 2713 vera
898 2657 996 2713 asinus
1019 2673 1038 2713 a
1060 2656 1175 2712 domino

58 2752 171 2810 famulo
200 2754 288 2812 alicui
316 2754 444 2812 traditur
476 2759 557 2812 certo
588 2755 653 2810 loco
683 2753 873 2810 includendus
903 2759 935 2810 et
964 2752 1174 2810 custodiendus

59 2849 169 2907 Paullo
200 2856 268 2922 post
298 2856 395 2908 autem
419 2851 536 2907 nuntius
566 2849 689 2906 affertur
713 2865 814 2906 muem
833 2849 966 2907 rabidum
986 2851 1082 2907 subito
1102 2851 1177 2908 irru-

59 2947 139 3019 pisse
169 2952 200 3004 et
229 2963 316 3004 mnes
346 2949 475 3004 iumenta
500 2947 630 3005 homiues
649 2963 761 3018 quoque
781 2946 934 3003 nonnullos
954 2948 1097 3004 morsibus
1117 2947 1177 3002 suis

56 3045 239 3103 vulnerasse.
268 3043 355 3102 Unde
374 3044 486 3102 asinum
506 3061 619 3116 quoque
638 3043 762 3102 ferocire
783 3042 922 3101 convivae
942 3043 1000 3100 rati
1020 3048 1128 3115 parant
1145 3058 1177 3098 se

58 3140 98 3198 ad
120 3157 187 3198 eum
206 3141 443 3215 persequendum.
479 3140 545 3214 Quo
570 3158 607 3199 ex
626 3141 754 3214 periculo
774 3140 877 3198 eadem
896 3141 1009 3198 maone
1028 3156 1060 3198 se
1080 3144 1178 3197 servat

59 3242 150 3308 atque
171 3238 249 3309 apud
269 3239 459 3310 ,Luciannm‘.

138 3333 297 3394 Concludit
323 3353 360 3393 ex
378 3337 434 3393 hac
463 3335 633 3394 divmsitate
653 3335 870 3394 Goldbacherus
888 3333 1012 3392 Asinum
1031 3335 1088 3392 hoc
1112 3335 1175 3391 loco

57 3431 250 3504 epitomatum
270 3449 334 3490 esse
353 3437 442 3503 atque
461 3449 498 3489 ex
511 3433 637 3504 Apuleio
657 3432 865 3503 complendum,
887 3447 952 3487 cum
972 3430 1004 3486 iu
1023 3431 1074 3487 illo
1091 3445 1178 3487 causa

16 3540 19 3545 ·
58 3527 258 3600 desideretur,
290 3545 343 3587 eur
362 3529 501 3586 convivae
521 3529 633 3586 mnam
653 3527 785 3585 rabidum
806 3543 869 3585 esse
888 3527 1071 3598 putaverint,
1102 3542 1176 3596 quae

57 3625 168 3697 optime
186 3626 226 3682 ab
238 3627 363 3698 Apuleio
383 3626 514 3684 exhibita
532 3627 581 3682 sit
616 3625 724 3683 Verum
743 3625 881 3682 facillime
902 3639 967 3679 mea
979 3621 1096 3693 quidem
1108 3638 1177 3680 seu-

57 3721 151 3780 tentia
170 3722 308 3780 convivae
327 3724 366 3780 ad
384 3723 459 3780 hanc
478 3723 671 3794 suspicionem
690 3722 796 3779 adduci
815 3726 951 3792 poterant
962 3719 1009 3776 vel
1022 3720 1092 3777 solis
1104 3719 1172 3791 illis,

58 3834 135 3888 quac
160 3818 198 3876 de
222 3835 258 3891 eo
278 3820 310 3876 in
329 3819 445 3878 Graeco
465 3828 587 3877 narrata
605 3825 688 3883 suut;
719 3835 785 3876 nam
803 3817 914 3875 rabiem
933 3832 1003 3875 saue
1022 3816 1176 3874 ostendere

57 3914 187 3985 videtur,
213 3915 240 3973 si
260 3917 311 3987 qui
330 3918 430 3974 asinus
448 3916 545 3974 subito
565 3916 596 3972 in
615 3915 773 3973 triclinium
792 3914 938 3985 irrumpit,
961 3913 1112 3983 omniaque
1131 3913 1177 3969 in-

59 4012 242 4072 cursionibus
262 4014 323 4072 suis
343 4012 465 4071 collidit
501 4013 608 4093 Quare,
622 4011 696 4068 nihil
714 4010 798 4068 rideo
818 4008 895 4081 quod
915 4014 1016 4067 oontm
1036 4010 1177 4068 Graecam
