2752 4806
579 430 801 491 -4p..

132 623 192 682 illis
221 624 368 681 latronum
393 624 480 682 duces
506 623 604 681 animi
616 624 663 681 vel
684 621 857 681 crudelitate
878 622 925 680 vel
946 621 1100 680 nobilitate
1120 622 1249 694 insignes

132 721 162 778 in
187 721 334 795 primariis
359 721 420 780 fore
440 720 556 779 fabulae
577 721 710 792 personis
730 737 792 779 esse
813 720 928 778 soleant
948 723 978 777 et
998 735 1045 776 res
1065 718 1101 777 ab
1123 720 1165 777 eis
1185 719 1251 778 for·

133 819 203 877 titer
224 822 253 876 et
273 817 411 876 audacter
431 824 531 890 gestae
552 835 609 876 non
624 819 685 877 sine
705 823 853 876 auctorum
866 818 996 890 ipsorum
1010 816 1134 889 quadam
1148 817 1250 890 volup·

133 920 196 973 tate
216 916 330 974 narrari
350 915 512 982 videantur,
534 915 565 973 in
579 913 672 974 Asino
693 914 861 987 ‚Lucianeo‘
882 914 1022 985 hocloco,
1044 912 1094 971 ubi
1108 912 1249 972 eiusmodi

133 1014 320 1072 historiarum
344 1012 561 1071 inserendarum
588 1029 657 1072 saue
678 1013 803 1071 facultas
824 1012 933 1084 optima
954 1010 1023 1071 data
1043 1016 1122 1078 erat,
1155 1027 1249 1082 neque

133 1110 219 1169 duces
239 1111 416 1183 magnanimi
436 1111 667 1183 introducuntur,
688 1126 780 1183 neque
802 1110 916 1168 omnino
934 1109 994 1167 ulla
1008 1109 1154 1168 latronum
1168 1109 1250 1167 iacta

25 1285 26 1289 Ἰ
133 1208 248 1278 callida,
270 1214 376 1280 astuta,
399 1208 527 1281 andacia,
543 1207 632 1267 fortia
645 1208 841 1280 proferuntur.
874 1205 919 1266 At
933 1207 1063 1279 proxime
1079 1206 1117 1264 ad
1130 1206 1249 1265 illarum

132 1305 294 1364 fabularum
316 1305 534 1364 simihtndinem
548 1304 660 1364 accedit
674 1302 815 1376 Apuleius
830 1308 859 1362 et
873 1304 918 1363 his
932 1304 1027 1375 quarti
1041 1304 1109 1362 libri
1122 1302 1247 1373 fabellis,

132 1406 161 1463 et
192 1404 246 1472 eis,
278 1419 350 1475 quae
375 1408 476 1475 postea
501 1401 575 1478 (VII
594 1401 687 1476 4-8)
708 1402 744 1459 de
765 1402 876 1460 Haemo
897 1402 1011 1460 latrone
1032 1406 1098 1460 sunt
1118 1407 1248 1470 narrata,

132 1499 181 1558 ubi
201 1501 345 1558 latronum
369 1499 532 1572 principum
557 1498 718 1557 constantia
739 1504 769 1557 et
788 1498 927 1557 fortitudo
949 1515 1035 1570 quam
1055 1499 1180 1557 maxime
1202 1515 1247 1556 ce·

131 1597 261 1656 lebratur
301 1603 331 1654 et
370 1596 482 1667 reliqna
512 1596 713 1669 descriptionis
744 1595 914 1668 simplicitas
944 1597 1030 1670 plane
1061 1597 1217 1657 deseritur.
1225 1595 1247 1670 ¹)

131 1693 213 1768 Quae
235 1692 362 1752 comita
383 1693 448 1760 sint,
469 1692 554 1752 facile
573 1695 753 1768 intellegitur
774 1711 824 1753 eas
845 1710 901 1753 non
923 1694 960 1752 ab
981 1695 1083 1752 eodem
1104 1693 1246 1766 composi-

131 1796 177 1850 tas
198 1807 273 1864 esse,
306 1792 354 1864 qui
374 1793 507 1864 proxima
527 1793 711 1866 conscripsit,
737 1793 788 1851 sed
809 1792 846 1851 ab
867 1798 985 1851 auctore
1006 1793 1063 1850 alio
1084 1791 1247 1851 diversissi·

133 1905 210 1946 mum
231 1889 383 1948 consilinm
404 1896 552 1961 sequente,
572 1890 649 1950 unde
663 1888 808 1963 Apuleius
828 1891 859 1948 in
879 1891 954 1949 hanc
974 1889 1102 1948 fabulam
1123 1888 1246 1947 convivii

132 1988 282 2046 occasione
304 1988 373 2046 data
393 1988 523 2046 inseruit.
531 1986 556 2062 ²)

211 2084 353 2157 Disputat
384 2085 486 2144 deinde
509 2084 726 2144 Goldbacherns
758 2085 793 2142 de
815 2085 947 2155 custode,
979 2100 1062 2157 quem
1082 2085 1112 2143 in
1134 2084 1246 2143 Graeco

130 2182 261 2240 latrones
291 2182 471 2254 relinquunt,
504 2197 568 2239 cum
593 2181 716 2253 primum
736 2182 933 2255 praedandum
954 2183 1061 2241 abeunt
1082 2181 1161 2256 (cap.
1183 2181 1244 2257 21),

132 2293 197 2335 cum
222 2279 299 2351 apud
319 2277 478 2351 Apuleium
504 2280 566 2338 eins
592 2281 699 2339 mentio
721 2280 800 2338 nulla
820 2278 881 2339 fiat.
927 2280 1008 2338 Dicit
1027 2285 1125 2338 autem
1146 2294 1180 2336 eo
1201 2280 1244 2338 in·

132 2379 211 2433 serto
231 2375 395 2434 molestiam
414 2378 506 2450 nasci,
530 2394 593 2435 cum
614 2394 706 2450 neque
728 2382 822 2450 antea,
846 2394 910 2435 cum
931 2378 1059 2436 latrones
1080 2393 1144 2435 oum
1165 2377 1246 2435 asino

132 2473 288 2531 adveniant
315 2473 390 2548 (cap.
413 2475 480 2549 20),
512 2491 604 2547 neque
635 2480 737 2549 postea
767 2476 798 2534 in
819 2477 914 2548 capita
935 2477 987 2547 23,
1014 2474 1065 2533 ubi
1085 2475 1159 2532 asini
1178 2473 1248 2546 iuga

133 2570 318 2641 describitur,
351 2576 446 2630 custos
471 2571 571 2630 adesse
591 2572 732 2632 videatur.
763 2571 856 2646 Quam
878 2572 914 2629 ob
935 2587 996 2629 rem
1010 2571 1090 2628 illum
1105 2571 1247 2630 conicien-

132 2667 199 2726 dnm
230 2684 292 2727 esse
325 2668 451 2727 additum
474 2685 535 2727 esse
566 2669 603 2727 ab
629 2670 828 2742 epitomatore‚
850 2669 900 2740 qui
921 2668 974 2725 tali
994 2669 1078 2726 modo
1099 2668 1246 2740 explicare

131 2765 268 2833 voluerit,
291 2781 342 2824 cnr
361 2780 419 2822 non
439 2765 497 2823 iam
518 2771 607 2823 antea
628 2767 725 2824 asinus
746 2766 849 2838 fugere
870 2768 990 2822 conatus
1004 2769 1089 2823 esset.
1131 2763 1190 2822 Sed
1210 2780 1246 2822 ne

203 2965 225 3036 ¹)
243 2965 409 3021 Rectissime
427 2965 462 3021 de
480 2965 533 3021 hac
546 2983 576 3021 re
588 2966 862 3024 iudicavitRohdeus
877 2969 939 3039 (der
951 2968 1124 3039 griechische
1136 2968 1246 3025 Roman

130 3070 157 3123 p.
176 3056 228 3110 357
247 3056 330 3111 Anm.
353 3056 393 3124 ll:
423 3057 617 3127 Beaouaderuay
629 3058 680 3127 jair
698 3059 740 3111 do'c
757 3059 895 3126 Katotera,
913 3059 1140 3130 Staadlmftsplceit
1163 3059 1244 3113 Treue

130 3144 178 3196 der
196 3145 303 3198 Rdaber
326 3145 460 3214 yrdoserea
477 3145 551 3214 Stilo,
582 3148 629 3200 wie
655 3165 714 3200 mon
740 3150 776 3201 aie
793 3149 847 3202 oieb
865 3149 965 3215 melote,
981 3150 1082 3220 apricht
1098 3151 1153 3204 siclt
1171 3151 1243 3204 adolet

130 3234 225 3286 aowohl
240 3236 268 3287 ia
286 3235 335 3288 dea
352 3235 495 3288 realiattach
511 3236 660 3303 pedaltenea
672 3235 783 3289 Slclaaea
800 3255 848 3291 aaa
866 3238 924 3291 dero
936 3238 1114 3292 theascls‘sclsen
1126 3238 1244 3292 nouom

132 3322 200 3375 leben
230 3323 257 3376 iu
276 3322 386 3376 Lariano
405 3318 478 3382 Ὄνος
506 3326 545 3377 ab
563 3325 683 3378 oielmelr
700 3327 728 3378 ia
746 3327 795 3379 den
812 3344 861 3380 ooo
879 3327 1004 3397 Apuleias
1021 3329 1113 3381 acinam
1131 3327 1245 3382 Εοηιαηε

132 3412 284 3482 eiapeleptea
301 3412 565 3483 Rdnberyeeolticdtea
583 3413 700 3478 (Metam.
720 3415 794 3469 Bneh
811 3416 840 3482 4)
858 3416 917 3469 sehr
936 3417 1047 3470 dectle'eh
1065 3433 1121 3469 aaa.

202 3499 224 3565 ²)
243 3498 340 3554 Simile
367 3498 500 3569 ,Luciani‘
528 3499 662 3570 Luciique
694 3504 722 3556 et
748 3502 852 3572 Apulei
879 3502 1021 3558 latronum
1048 3503 1244 3573 descriptionis

130 3587 280 3642 discrimen
298 3587 328 3641 in
347 3603 379 3642 eo
399 3586 607 3658 deprehendere
625 3589 811 3659 mihivideor,
831 3591 905 3662 quod
922 3591 968 3646 hic
981 3608 1016 3647 ex
1028 3592 1156 3648 sollemni
1167 3607 1244 3647 more

130 3674 242 3730 illorum
261 3675 428 3746 scriptorum
446 3676 569 3732 latrones
587 3677 655 3733 iacit
671 3680 702 3733 in
714 3680 847 3751 spelunca
861 3680 1019 3737 habitantes
1031 3680 1061 3734 in
1074 3681 1165 3751 capite
1177 3680 1216 3736 IV
1229 3682 1244 3734 6

130 3767 260 3819 accurate
290 3764 433 3834 descripta
460 3767 489 3820 et
506 3768 606 3836 postea
625 3783 735 3839 quoque
753 3769 790 3824 IV
811 3771 844 3825 23
864 3771 893 3824 et
911 3769 948 3824 Vl
968 3772 1001 3825 25
1021 3771 1244 3836 commemoratu,

130 3867 193 3907 cum
212 3850 369 3920 ‚Lucienus‘
392 3853 427 3909 dc
449 3856 551 3921 natura
573 3854 712 3911 latronum
730 3857 900 3928 receptaculi
918 3859 1030 3914 omnino
1049 3857 1120 3912 nihil
1138 3856 1244 3924 afferat

130 3940 179 3996 sed
198 3940 267 3994 haec
286 3940 451 4010 simpliciter
471 3941 545 3996 dicat
563 3943 603 4009 (in
622 3960 682 4014 cap.
702 3947 749 4014 20)
767 3945 881 4018 ἤλθομεν
900 3939 936 4008 εἰς
955 3947 987 3999 τὰ
1006 3941 1086 3999 οἰκεῖα
1105 3945 1244 4000 similiter-

129 4045 184 4099 que
202 4029 232 4082 in
249 4030 393 4099 proximis.
430 4029 511 4085 Unde
530 4035 555 4085 si
574 4031 723 4088 Gourierus
743 4035 878 4090 conclusit
896 4038 936 4104 (in
958 4036 1023 4092 edit.
1045 4051 1112 4090 suae
1134 4051 1162 4104 p.
1181 4036 1242 4104 222)

127 4116 176 4172 illo
195 4118 276 4172 Asini
295 4117 355 4173 loco
374 4117 502 4174 lacunam
520 4121 698 4176 statuendam
716 4139 787 4192 esse,
806 4126 902 4194 apeme
921 4125 1031 4180 erravit.
