2752 4806
574 404 796 467 ,41-

127 590 253 666 Apuleio
274 594 388 653 additas
409 594 447 652 ad
467 595 549 653 illum
569 595 666 655 redire
691 596 771 655 facili
803 613 892 669 opera
914 598 1111 657 demonstrare
1133 613 1239 671 posses.

127 690 238 749 Attulit
273 695 425 764 praeterea
455 690 674 752 Goldbacherus
709 698 773 752 arte
803 695 857 753 has
886 695 1031 753 latronum
1062 694 1242 755 narrationes

127 788 280 847 cohaerere
302 804 365 846 cum
386 789 440 861 eis,
463 805 537 861 quae
557 791 634 864 apud
655 791 809 863 Apuleium
830 792 866 849 11
886 792 1029 850 latronum
1050 793 1241 864 comprehen-

127 885 211 967 sione¹
226 889 347 944 narrata
366 891 446 956 suut,
477 901 607 959 quaeque
629 887 666 944 ad
686 889 828 960 integram
849 888 976 946 fabulam
995 890 1141 961 pertinere
1155 905 1243 962 supra

127 983 255 1056 exposui.
296 983 372 1043 Nam
393 990 494 1057 operte
514 985 571 1044 illis
593 1001 707 1044 causam
727 986 836 1056 afferri,
858 1002 909 1044 cur
930 990 997 1044 tuuc
1017 1003 1091 1046 novo
1112 988 1242 1062 principe

126 1096 257 1153 novaque
282 1082 431 1140 iuventute
450 1081 579 1142 latrones
599 1082 800 1156 indiguissent.
832 1082 942 1142 Verum
962 1085 988 1142 si
1001 1084 1056 1142 tali
1071 1084 1190 1143 consilio
1205 1087 1241 1143 ab

127 1183 245 1237 auctore
267 1178 420 1238 adiunctae
441 1184 544 1247 essent,
566 1196 623 1239 non
644 1182 675 1241 in
693 1181 777 1239 initio
791 1181 875 1240 huius
889 1181 989 1254 partis,
1011 1181 1135 1254 quaeda
1150 1183 1241 1242 latro-

127 1276 211 1336 nibus
232 1277 304 1348 agit,
326 1278 432 1350 apponi
450 1277 602 1348 debebant,
624 1278 675 1337 sed
687 1280 816 1351 proxime
830 1278 912 1337 illum
925 1278 1026 1351 locum,
1048 1279 1099 1338 ubi
1112 1280 1242 1340 latrones

127 1374 305 1446 inquisitioni
337 1376 561 1435 commilitonum
592 1376 726 1436 insistere
758 1392 920 1448 novumque
950 1377 1110 1448 principem
1136 1378 1242 1450 eligere

127 1475 267 1532 statuunt.
309 1471 385 1531 Nam
405 1478 438 1531 ut
458 1489 533 1532 nunc
552 1474 683 1533 narratio
706 1475 865 1548 composita
885 1480 938 1542 est,
961 1475 1064 1533 mmnm
1085 1481 1130 1533 est
1151 1491 1242 1534 novae

127 1570 285 1629 iuventutis
312 1571 491 1644 colligendae
515 1571 710 1644 principisque
730 1571 854 1644 eligendi
874 1573 1075 1631 necessitatem
1096 1588 1132 1631 ex
1152 1573 1243 1646 scrip·

127 1669 200 1727 toris
231 1668 376 1727 sententia
400 1668 539 1728 Lamachi
559 1666 670 1727 Alcimi
690 1667 952 1742 Thrasyleonisque
983 1675 1075 1728 morte
1107 1670 1240 1729 effectam

127 1766 225 1838 paullo
250 1771 317 1838 post
337 1783 355 1823 a
374 1767 536 1824 latronibus
556 1782 675 1839 prorsus
695 1781 752 1825 non
773 1766 888 1837 sentiri,
919 1767 970 1825 sed
989 1768 1106 1840 longum
1127 1768 1241 1826 demum

127 1868 193 1938 post
223 1863 364 1936 temporis
394 1862 578 1921 intervallum
609 1863 707 1921 multis
742 1863 857 1922 interea
887 1865 973 1922 rebus
999 1863 1122 1922 feliciter
1142 1866 1240 1937 gestis,

128 1977 192 2021 cum
216 1962 254 2018 ab
280 1961 460 2032 speculatore
485 1961 643 2020 revertenti
665 1961 789 2020 cladium
810 1963 925 2020 illarum
945 1964 1085 2021 memoria
1104 1968 1242 2021 revocata

128 2064 217 2129 esset,
245 2073 319 2129 quae
339 2058 397 2116 iam
417 2058 481 2117 fieri
501 2075 617 2118 necesse
638 2060 704 2127 sint,
726 2064 805 2118 recte
827 2060 967 2133 intellegi.
1010 2061 1101 2134 Quom
1122 2061 1158 2118 ob
1179 2077 1241 2119 rem

128 2156 199 2215 mihi
231 2155 346 2227 quidem
369 2156 448 2214 nullo
470 2156 554 2215 modo
577 2157 714 2216 credibile
734 2158 850 2216 videtur
870 2174 902 2215 re
923 2174 994 2216 vera
1014 2158 1069 2216 hac
1089 2159 1120 2216 in
1140 2174 1240 2216 narra·

128 2253 207 2312 tione
229 2253 402 2326 scriptorem
422 2252 535 2311 fabulas
555 2254 626 2312 istas
647 2255 808 2326 respexisse
829 2253 923 2312 tribus
944 2254 1027 2313 libris
1047 2260 1116 2312 ante
1136 2271 1242 2315 narra·

127 2357 182 2412 tas.
213 2351 314 2423 Neque
335 2351 449 2410 omnino
470 2368 523 2409 eae
544 2351 582 2408 ad
602 2351 684 2410 illam
704 2352 902 2425 explicandam
923 2357 974 2409 aut
994 2352 1175 2411 necessariae
1189 2357 1241 2410 aut

127 2453 215 2521 aptae
235 2452 310 2507 suut.
341 2449 418 2508 Nam
439 2454 582 2517 1111111,
604 2464 676 2520 1111
697 2447 759 2508 VII
778 2451 798 2506 4
819 2449 993 2519 dictasunt,
1017 2450 1241 2508 commilitonum

127 2545 306 2618 inquisitioni
336 2546 524 2605 insistendum
554 2562 630 2618 esse,
664 2563 728 2605 cum
757 2547 842 2604 multi
867 2548 994 2605 latrones
1015 2547 1105 2605 variis
1126 2548 1240 2605 casibus

126 2644 328 2716 oppetiverint,
344 2644 418 2703 unde
431 2645 462 2703 in
475 2644 577 2717 primis
588 2643 807 2704 Goldbacherus
820 2646 994 2703 sententiam
1005 2661 1086 2703 suam
1096 2642 1241 2703 effinxisse

126 2741 250 2813 videtur,
273 2741 363 2801 multo
384 2742 479 2816 aptius
501 2746 580 2800 certe
594 2741 700 2801 referri
714 2746 834 2814 possunt
847 2741 885 2799 ad
899 2759 949 2800 eas
962 2743 1106 2800 latronum
1120 2757 1239 2815 pugnas,

127 2856 201 2913 qnae
221 2839 351 2912 proxime
372 2844 596 2899 antecesserunt.
628 2839 685 2915 (VI
701 2839 762 2914 25.)
797 2839 880 2910 Quod
900 2844 996 2898 autem
1016 2839 1145 2897 latrones
1166 2838 1241 2896 (lha-

127 2937 203 2997 ritae
234 2952 337 3009 sponso
369 2936 491 2995 latronis
521 2936 645 3010 speciem
671 2952 742 3009 prae
763 2951 794 2994 se
815 2936 923 2994 ferenti
943 2936 1079 2994 ducatum
1100 2933 1241 3006 deferunt,

127 3036 182 3094 hoc
204 3052 268 3094 cum
288 3034 387 3093 fabula
409 3035 444 3092 de
457 3034 600 3093 Lamachi
620 3040 712 3092 morte
733 3038 855 3092 narrata
868 3049 960 3105 neque
975 3033 1130 3091 cohaerere
1145 3038 1241 3106 potest
1338 3052 1341 3057 ⁴

126 3150 218 3206 neque
249 3132 316 3191 inde
342 3131 490 3204 explicari.
533 3132 607 3190 Nam
633 3149 669 3190 ex
689 3131 785 3189 verbis
806 3130 851 3189 illi
870 3130 1037 3203 praemissis
1058 3129 1116 3204 (IV
1138 3131 1155 3188 8
1180 3128 1242 3198 ,At
1300 3152 1303 3157 ·

126 3247 185 3304 vos,
219 3232 267 3303 qui
287 3229 426 3290 Boeotias
446 3229 533 3288 urbes
553 3229 716 3301 adpetistis,
747 3229 810 3303 ipso
838 3228 908 3287 duce
933 3232 1055 3287 vestro
1083 3227 1240 3286 fortissimo

128 3329 273 3389 Lamacho
294 3329 433 3387 deminuti
455 3328 578 3386 debilem
599 3343 748 3385 numerum
766 3326 953 3402 reduxistis“)
973 3326 1096 3384 dilucide
1120 3329 1242 3399 apparet

126 3427 207 3485 illum
227 3443 285 3485 non
305 3427 450 3486 latronum
470 3426 595 3485 omnium
615 3425 775 3498 principem
796 3424 894 3491 fnisse,
915 3423 964 3482 111
986 3421 1105 3482 alterius
1128 3427 1240 3480 tautum
1289 3482 1297 3500 ι

126 3540 227 3598 manus
247 3525 356 3598 primas
375 3533 475 3596 partes
495 3522 598 3595 egisse.

206 3621 289 3681 Haec
309 3622 401 3694 igitur
421 3621 516 3679 omnia
536 3620 654 3679 futtilia.
687 3619 799 3678 Oontra
819 3620 891 3678 illud
912 3620 943 3677 in
956 3618 1056 3691 primis
1070 3616 1241 3675 monendum

127 3724 172 3778 est
191 3720 223 3777 iu
244 3719 287 3777 eis
307 3719 439 3793 partibus
449 3719 632 3790 narrationis,
655 3734 728 3790 quae
742 3717 904 3776 necessario
920 3716 956 3773 11
970 3715 1139 3791 primariam
1153 3714 1239 3771 huius

126 3814 243 3875 fabulae
263 3817 386 3876 immam
406 3816 574 3876 referendae
596 3817 661 3888 siut,
683 3816 811 3875 nativam
832 3814 915 3873 illam
925 3814 1150 3887 simplicitatem,
1166 3827 1240 3885 quae

127 3920 233 3986 regnat
252 3929 307 3987 per
326 3917 418 3972 totam
438 3914 513 3972 hanc
534 3914 674 3986 fabulam,
707 3919 737 3971 et
758 3929 831 3984 quae
851 3912 990 3971 abhorret
1010 3927 1028 3970 a
1047 3910 1240 3983 posteriorum

127 4013 291 4074 fabularum
303 4010 528 4070 Romanensinm
538 4011 694 4085 sophistica
716 4010 929 4083 consuetudine,
951 4010 1039 4069 etiam
1052 4010 1083 4067 in
1096 4009 1240 4067 latronum

126 4112 190 4170 vita
219 4111 402 4183 moribusque
432 4111 626 4171 describendis
651 4109 730 4170 haud
750 4110 837 4170 dubie
857 4110 986 4182 agnosci.
1027 4108 1102 4167 Nam
1122 4123 1187 4166 cum
1208 4107 1240 4166 in
