2752 4806
614 381 834 444 ..20-

168 591 280 645 quoque
307 575 421 646 saepius
450 574 624 632 inveniemus
655 574 685 629 in
712 575 753 631 eis
778 572 883 631 fabulis
907 589 980 644 qnae
1011 574 1047 630 ab
1074 574 1134 645 ipso
1155 572 1284 645 Apuleio

167 671 294 729 insertae
317 674 382 728 sunt
409 669 499 745 (coni.
519 670 606 739 VHI,
636 672 742 740 1--14,
772 671 898 741 19-21,
920 670 974 739 IX,
998 671 1137 744 32-38).
1184 670 1285 741 Neque

172 767 244 825 illud
266 768 551 839 praetermittendum
573 772 625 839 est,
654 783 718 824 cum
738 767 834 839 priore
857 767 891 824 de
913 767 1049 825 Charitae
1071 772 1163 824 morte
1184 766 1286 824 fabula

169 864 206 921 ab
227 864 355 936 Apuleio
387 864 501 921 adiecta
525 881 581 921 non
608 865 700 922 solum
732 864 827 921 colore
853 864 903 922 sed
933 865 995 936 ipso
1022 869 1192 935 argumento
1219 882 1285 922 eam

170 976 339 1031 congruere,
362 977 425 1019 cum
446 961 612 1032 inutraque
634 962 726 1019 scelus
746 961 887 1031 quoddam
901 962 1103 1032 gravissimum
1124 963 1159 1019 ab
1181 963 1285 1019 umbra

168 1058 291 1115 hominis
322 1057 460 1116 trucidati
490 1073 544 1130 per
574 1074 703 1115 somnum
737 1057 906 1130 propinquis
941 1057 1094 1129 apparenti
1125 1059 1282 1130 aperiatur.

167 1156 262 1226 Quare
287 1155 358 1213 satis
389 1154 510 1212 fidenter
535 1154 737 1213 affirmaverim
768 1155 842 1212 banc
870 1159 946 1212 certe
979 1155 1014 1211 de
1041 1155 1160 1226 pistoris
1191 1160 1284 1213 morte

167 1250 294 1309 fabulam
315 1253 351 1309 ab
365 1250 492 1324 Apuleio
514 1253 626 1309 demum
647 1252 776 1310 additam
798 1267 859 1309 esse
881 1255 910 1309 et
931 1256 1086 1324 propterea
1109 1252 1196 1308 etiam
1218 1268 1285 1310 veu-

167 1349 285 1407 ditionis
307 1365 422 1407 causam
443 1354 592 1406 mutatam.

247 1447 288 1503 At
313 1446 396 1519 longe
417 1448 504 1505 aliter
517 1446 699 1504 iudicandum
722 1463 784 1504 esse
805 1450 874 1519 puto
897 1446 931 1504 de
953 1446 1139 1519 praecedeuti
1158 1446 1283 1504 historia

168 1543 203 1600 de
218 1543 336 1615 pistoris
349 1543 448 1601 uxoris
463 1543 613 1601 adulterio.
645 1542 727 1600 Dicit
748 1542 823 1600 enim
837 1542 1001 1613 ,Luciacus‘
1015 1543 1097 1600 initio
1119 1543 1223 1613 capitis
1244 1545 1282 1600 43

169 1639 266 1702 λεπτὸς
292 1637 338 1697 οὖν
365 1639 434 1696 noire
456 1638 577 1714 γίγνομαι
597 1638 642 1698 καὶ
663 1639 779 1715 ἀσθενὴς
803 1641 843 1716 τῷ
865 1638 970 1714 σώματι
991 1643 1049 1698 κτλ.
1095 1639 1195 1697 Ρ66116
1216 1656 1283 1712 par·

170 1735 259 1793 ticula
280 1733 326 1792 οὖν
347 1736 415 1794 16116
436 1737 643 1794 sententiarum
664 1753 788 1794 conexus
810 1736 988 1808 significatus
1014 1754 1078 1794 esse
1099 1737 1222 1798 videtur.
1250 1741 1283 1793 ut

171 1833 227 1890 hoc
247 1833 394 1890 enuntiato
415 1833 524 1903 aliquid
539 1833 687 1901 afferatur,
715 1833 790 1905 quod
811 1833 894 1891 rebus
915 1837 983 1890 anto
1004 1834 1129 1891 narratis
1150 1833 1283 1891 effectum

169 1931 216 1988 sit.
261 1929 419 2000 Exspectes
443 1930 540 2002 igitur,
562 1931 593 1987 in
612 1930 851 2003 praecedentibus
870 1936 1007 2008 accurate
1028 1931 1190 2003 expositum
1211 1947 1282 2000 esse,

171 2027 272 2097 quibus
292 2027 377 2084 rebus
397 2027 494 2084 asinus
515 2043 612 2084 macer
626 2026 783 2096 debilisque
797 2025 893 2084 factus
902 2032 995 2086 66661.
1030 2026 1088 2084 Sed
1108 2034 1205 2085 tamen
1219 2032 1283 2085 toto

170 2124 266 2196 capite
283 2124 321 2180 42
343 2123 377 2180 de
391 2124 446 2181 hac
460 2139 491 2180 re
505 2125 590 2194 plane
603 2123 676 2180 nihil
690 2124 818 2190 affertur,
841 2124 891 2180 sed
904 2124 958 2180 hoc
972 2128 1086 2180 tantum
1101 2124 1281 2194 describitur,

171 2219 245 2291 quod
266 2220 357 2291 primo
380 2225 410 2276 61
431 2220 554 2277 secundo
575 2220 631 2290 die,
654 2236 709 2291 quo
730 2220 806 2292 apud
820 2221 958 2292 pistorem
980 2226 1171 2279 commoratus
1194 2226 1280 2293 esset,

172 2317 253 2374 asino
269 2316 416 2376 acciderit.
454 2317 626 2375 Necessario
640 2317 731 2389 igitur
745 2317 938 2390 colligendum
953 2323 997 2375 est
1011 2323 1123 2375 textum
1137 2317 1283 2376 Graecum

169 2415 224 2471 hoc
256 2414 319 2471 1666
351 2396 514 2470 mutilatum
545 2430 606 2472 6666
644 2419 672 2471 61
700 2419 767 2486 post
798 2419 885 2486 caput
916 2414 954 2472 42
987 2416 1127 2486 quaedam
1157 2420 1280 2485 resecta,

169 2511 271 2582 quibus
302 2516 483 2584 narraretur,
520 2527 592 2582 quae
623 2516 725 2584 postea
758 2512 835 2583 apud
868 2514 1007 2583 pistorem
1034 2529 1135 2584 passus
1167 2513 1281 2583 quibus·

169 2625 224 2680 que
260 2610 347 2667 rebus
388 2625 485 2667 macer
523 2610 619 2667 iactus
659 2614 744 2669 esset.
803 2609 866 2667 Iam
904 2609 981 2682 apud
1012 2610 1166 2683 Apuleium
1201 2610 1282 2666 illam

171 2706 275 2778 capitis
295 2706 334 2763 42
357 2706 578 2778 descriptionem
603 2707 711 2778 excipit
735 2707 866 2764 narratio
887 2707 1038 2779 quaedam,
1065 2708 1203 2778 quomodo
1225 2709 1281 2780 pis·

169 2804 245 2861 16116
266 2804 364 2860 uxoris
385 2802 558 2860 adulterium
580 2804 653 2860 asini
678 2820 766 2876 opera
790 2803 933 2860 detectum
954 2803 1001 2862 sit.
1039 2805 1104 2862 Non
1124 2805 1282 2876 poterimus

171 2916 277 2972 negare
306 2901 336 2956 iu
358 2917 393 2958 ea
413 2901 534 2957 multum
554 2901 644 2959 iocosi
666 2905 695 2959 et
715 2901 803 2973 lepidi
828 2901 921 2960 inesse
943 2905 973 2959 61
998 2903 1149 2974 inprimis
1170 2902 1282 2958 asinum

170 3014 289 3071 prorsus
311 2997 426 3055 easdem
447 3002 547 3070 partes
567 3014 652 3071 agere
674 3003 759 3070 atque
780 3015 880 3072 supra,
913 3015 977 3056 cum
997 2997 1148 3056 Gallorum
1168 2997 1282 3069 flagitia

172 3096 232 3153 eius
258 3095 384 3153 clamore
409 3095 556 3168 patefacta
581 3095 646 3154 siut.
694 3096 757 3166 Qua
783 3095 923 3154 16166116
949 3095 987 3153 ad
1015 3110 1078 3151 eam
1109 3096 1281 3151 sententiam

172 3193 359 3261 adducemur,
390 3198 423 3250 ut
453 3193 527 3250 hauc
557 3192 694 3250 fabellam
725 3193 762 3249 ad
786 3193 909 3250 Lucium
934 3192 1103 3249 Patrensem
1135 3191 1282 3263 pertinere

169 3296 308 3362 putemus
351 3289 452 3361 Neque
483 3290 512 3346 iu
537 3306 570 3346 eo
592 3289 800 3359 offendendum,
826 3289 903 3360 quod
923 3305 959 3345 ne
981 3304 1015 3345 ea
1036 3288 1149 3358 quidem
1170 3288 1281 3347 inserta

168 3387 272 3444 lacuna
290 3385 350 3459 illa,
366 3403 450 3457 quam
464 3403 551 3459 supra
571 3384 740 3459 significavi,
751 3391 896 3443 accurate
912 3387 1028 3457 expleta
1043 3390 1095 3456 est,
1117 3402 1228 3457 quaque
1249 3405 1281 3445 16

170 3485 245 3542 asini
256 3485 333 3543 vires
345 3485 416 3542 adeo
427 3483 536 3542 fractae
548 3488 578 3541 61
587 3483 753 3541 imminutae
765 3484 831 3553 6111,
847 3488 946 3556 aperte
958 3483 1144 3541 declaratum.
1180 3485 1281 3555 Neque

173 3582 247 3639 enim
269 3580 492 3640 obliuiscendum
513 3587 557 3638 est
578 3586 736 3638 extremam
757 3581 819 3638 eius
844 3585 968 3652 partem,
1000 3597 1057 3652 qua
1077 3597 1141 3639 cum
1162 3597 1281 3652 sequen·

168 3678 246 3735 tibus
268 3679 449 3744 cohaereret,
477 3676 634 3749 Apuleium
655 3676 787 3734 recidere
809 3682 941 3734 coactum
962 3693 1024 3735 esse
1046 3682 1165 3751 propter
1186 3678 1281 3750 proxi·

167 3791 246 3833 mam
267 3774 394 3831 fabulam
416 3775 451 3832 de
471 3778 562 3832 morte
583 3774 701 3846 pistoris
722 3774 872 3833 adiectam.
915 3773 972 3834 Sed
993 3776 1102 3847 aliquid
1129 3780 1208 3833 certe
1229 3776 1279 3832 ad·

166 3871 298 3929 miniculi
329 3870 366 3927 ad
388 3870 584 3940 quaestionem
610 3870 690 3928 illam
715 3871 880 3930 solvendam
905 3873 996 3930 verba
1026 3872 1078 3930 illa
1103 3872 1173 3929 mihi
1193 3888 1280 3943 prae-

167 3969 237 4026 bere
257 3967 399 4038 videntur,
422 3983 494 4038 quae
516 3967 626 4025 suntin
647 3968 730 4026 initio
747 3985 808 4040 cap.
825 3971 871 4027 15.
898 3969 996 4039 „Talis
1016 3969 1068 4027 illa
1083 3969 1187 4025 mulier
1207 3968 1280 4025 miro

167 4081 213 4123 me
234 4063 461 4137 persequebatur
474 4064 549 4123 odio.
570 4081 636 4122 nam
658 4069 688 4121 et
709 4066 853 4125 antelucio
868 4068 1010 4125 recubans
1032 4066 1124 4123 adhuc
1145 4065 1280 4137 subiungi
