2752 4806
540 431 585 465 -.
630 395 760 458 31..

90 590 283 649 conclusimus
315 606 351 646 ex
380 589 477 648 Photii
509 590 544 647 de
575 590 660 649 Lucii
689 591 838 648 Patrensis
869 591 943 648 libro
974 591 1092 648 iudicio.
1133 591 1208 651 Nam

90 688 117 746 si
142 688 242 756 verba,
269 702 342 757 qnae
367 687 444 759 apud
463 681 623 759 Apuleium
643 688 751 747 Lucius
785 687 858 746 facit
891 688 1040 759 incapite
1066 688 1105 744 20
1138 704 1208 760 ,ego

91 800 163 843 vero
194 784 266 841 nihil
291 783 466 856 impossibile
496 784 634 857 arbitror,
668 785 718 843 scd
742 789 893 856 utcumque
924 785 986 842 iata
1021 784 1208 853 decreverint,

90 881 135 938 ita
167 884 271 939 cuncta
301 880 469 938 mortalibus
495 881 660 952 provenire:
693 899 759 938 nam
781 882 899 939 etmihi
921 886 951 939 et
972 881 1025 938 tibi
1046 881 1208 939 etounctis

91 978 255 1037 hominibus
285 979 375 1035 multa
405 995 458 1036 usu
485 979 583 1036 venire
607 979 680 1035 mira
701 984 731 1036 et
751 984 843 1050 paene
862 977 983 1050 infecta,
1016 967 1092 1049 quae
1112 982 1208 1036 tamen

93 1077 199 1148 ignaro
220 1075 314 1133 relata
333 1074 417 1133 fidem
439 1073 590 1147 perdant“,
613 1075 688 1146 apud
708 1075 830 1132 Lucium
844 1073 1013 1132 Patrensem
1035 1091 1147 1146 quoque
1161 1091 1210 1133 ex·
1268 1096 1274 1106 ·

92 1172 188 1231 hibita
215 1173 342 1242 fuerunt,
364 1188 457 1230 nonne
479 1173 537 1230 iam
558 1173 660 1229 mirum
681 1172 753 1229 illud
773 1172 871 1229 Photii
891 1171 1029 1229 iudicium
1050 1171 1209 1238 σπουδάζων

96 1291 126 1328 τε
148 1267 193 1328 καὶ
215 1267 308 1332 πιστὰς
335 1267 449 1344 νομίζων
481 1271 588 1343 optime
621 1270 795 1341 explicatum
826 1285 887 1328 csse
912 1268 993 1327 vides
1022 1286 1111 1340 eaque
1137 1285 1211 1340 quae

92 1383 186 1440 supra
208 1366 243 1424 de
264 1383 298 1425 eo
319 1368 437 1441 conieci,
459 1385 576 1440 prorsus
597 1366 732 1425 firmata?
1256 1429 1261 1438 ,

175 1462 313 1521 Proxima
327 1480 415 1535 usque
436 1464 474 1522 ad
494 1464 599 1538 Apulei
619 1465 686 1522 libri
700 1464 729 1522 ΙΙ
752 1481 814 1536 cap.
830 1465 875 1531 18,
898 1463 1065 1534 quibuscum
1080 1463 1211 1523 conferas
1290 1482 1293 1487 ’

97 1560 222 1618 Luciani
243 1561 339 1634 capita
354 1562 460 1633 2—11,
482 1562 614 1619 minimas
635 1561 775 1633 praebent
793 1560 987 1620 difficultates.
1021 1561 1120 1632 Neque
1135 1562 1211 1619 enim

96 1658 189 1715 multa
198 1657 366 1716 discrimina
378 1658 433 1716 hac
446 1663 562 1716 exstant
575 1659 605 1716 in
616 1663 699 1731 parte
709 1658 786 1716 inter
796 1663 957 1730 utrumque,
980 1663 1011 1716 et
1031 1658 1098 1728 quid
1112 1658 1147 1716 de
1169 1659 1211 1716 eis

95 1755 280 1813 iudicandum
306 1756 353 1824 sit,
379 1754 516 1813 facillime
541 1757 724 1829 perspicitur.
760 1757 911 1815 Neminem
938 1757 1016 1814 certe
1036 1760 1105 1828 puto
1128 1755 1212 1813 dubi·

97 1855 226 1911 almum
241 1866 312 1921 esse,
335 1853 402 1922 quin
421 1857 452 1910 et
470 1852 624 1925 descriptio
644 1853 696 1910 illa
716 1852 889 1925 quamapud
901 1852 1057 1925 Apuleium
1070 1852 1209 1909 insertam

96 1949 256 2009 invenimus
291 1949 391 2007 domus
421 1949 608 2021 Byrrhaenae
641 1948 738 2024 (114)
771 1953 800 2006 et
825 1948 901 2006 mira
926 1948 961 2006 do
982 1947 1080 2020 capilli
1111 1947 1209 2019 gratia

96 2046 256 2120 disputatio
282 2030 374 2120 (118,
397 2045 428 2122 9)
454 2046 574 2120 abipso
596 2046 718 2119 Apuleio
739 2047 871 2104 adiectae
892 2045 958 2104 sint.
1000 2045 1101 2116 Neque
1123 2045 1210 2103 aliter

96 2143 281 2202 iudicandum
312 2148 357 2201 est
388 2144 423 2201 de
455 2160 502 2217 eo,
535 2144 611 2215 quod
642 2124 719 2216 apud
748 2142 904 2216 Apuleium
929 2143 1013 2213 112,
1045 2143 1095 2200 ubi
1125 2141 1210 2199 Lucii

96 2239 339 2313 Byrrhaenaeque
371 2257 540 2312 congressus
571 2247 721 2309 narratur,
754 2241 851 2311 etiam,
873 2240 994 2299 maritus
1021 2241 1209 2313 Byrrhaenae

94 2337 279 2396 introductus
301 2341 352 2396 est.
395 2338 470 2396 Nam
489 2338 573 2396 huius
595 2354 748 2411 personam
769 2339 844 2395 sicut
864 2354 962 2410 copae,
987 2337 1022 2396 de
1044 2355 1101 2409 qua
1122 2354 1210 2410 supra

97 2434 234 2507 disserui,
266 2436 406 2493 insertam
427 2452 489 2493 esse
510 2436 546 2493 ab
567 2436 631 2506 illo,
659 2435 815 2494 clarissime
837 2435 904 2492 iude
924 2434 1108 2507 perspicitur,
1131 2436 1208 2507 quod

94 2536 197 2606 postea
217 2548 355 2603 nusquam
371 2537 618 2605 commemoratur,
639 2548 676 2589 ne
690 2532 731 2590 ibi
745 2532 867 2603 quidem,
888 2532 938 2588 ubi
952 2531 1115 2590 necessario
1131 2549 1206 2590 com·

94 2630 280 2689 memoranda
300 2635 373 2703 erat,
395 2631 430 2701 iu
447 2633 572 2703 cenulae,
595 2631 634 2689 ad
654 2648 739 2703 quam
759 2630 929 2703 Byrrhaena
949 2630 1071 2688 Lucium
1092 2629 1208 2698 invitat,

91 2728 290 2800 descriptione
310 2728 357 2804 (Π
381 2728 443 2804 19).
487 2729 563 2788 Nam
593 2746 710 2802 prorsus
737 2730 876 2787 abhorret
902 2728 1065 2786 amoribus
1087 2725 1209 2786 Graecis

92 2842 214 2884 uxorem
235 2827 340 2884 marito
363 2829 481 2885 absente
502 2828 640 2886 eiusmodi
660 2828 748 2900 dapes
769 2828 912 2886 iustruere
933 2827 971 2885 ad
992 2815 1097 2896 easque
1116 2825 1210 2897 ipsam

92 2924 173 2982 viros
193 2923 382 2994 mulieresque
402 2939 567 2982 convocare.
600 2924 678 2983 Satis
698 2924 865 2982 dubitanter
874 2924 1014 2981 iudicavit
1028 2922 1210 2980 Goldbache·

93 3038 144 3080 rus
165 3021 200 3079 dc
214 3020 340 3095 Pythiae
361 3021 578 3093 historiuncnla,
601 3020 765 3096 (12425)
789 3038 862 3093 quae
884 3021 921 3080 ad
942 3026 1053 3078 certum
1073 3019 1210 3077 iudicium

91 3115 256 3176 faciendum
276 3135 312 3176 ne
332 3119 479 3177 minimum
499 3120 613 3192 quidem
634 3116 789 3192 praeberet
802 3119 1015 3177 adminiculum.
1051 3119 1089 3175 At
1109 3123 1208 3175 tamen

95 3215 224 3274 alienam
256 3232 320 3274 eam
351 3233 414 3274 esse
436 3218 472 3273 ab
494 3217 663 3289 exemplari,
696 3216 762 3274 inde
782 3218 946 3275 luculenter
966 3221 1102 3288 apparet,
1135 3214 1211 3286 quod

94 3312 188 3371 Irucio
209 3314 287 3388 apud
307 3315 451 3387 hospitem
470 3315 670 3388 Hipparchum
692 3316 869 3383 deversanti,
891 3331 943 3373 our
961 3315 1070 3387 piscem
1092 3318 1209 3380 emeret,

95 3409 178 3469 nulla
199 3428 287 3470 causa
306 3409 370 3471 fuit.

174 3508 260 3567 Haec
290 3509 386 3567 omnia
416 3508 488 3567 satis
514 3508 675 3568 levidensia
701 3513 787 3580 atque
808 3509 961 3575 eiusmodi,
994 3513 1027 3565 ut
1047 3507 1084 3565 de
1104 3507 1140 3564 iis
1161 3507 1210 3564 vix

95 3604 240 3664 dubitatio
259 3607 352 3679 possit
372 3607 509 3676 existere3
540 3606 657 3679 gravius
678 3611 781 3664 contra
800 3607 873 3664 illud
893 3606 1017 3677 videtur,¹
1036 3605 1112 3676 quod
1133 3604 1211 3677 apud
1265 3646 1269 3651 .

95 3702 269 3776 Lucianum,
291 3704 407 3762 etiamsi
427 3704 612 3778 Hipparchus
631 3704 662 3761 in
683 3720 746 3777 cap.
773 3707 785 3761 l
810 3709 840 3762 et
859 3704 879 3761 4
899 3701 1061 3780 φιλάργυρος
1081 3702 1210 3760 nomine·

94 3804 158 3870 tur,
189 3803 287 3859 tamen
317 3801 441 3859 avaritia
473 3802 534 3860 eius
565 3816 703 3874 nusquam
729 3801 844 3875 depicta
865 3805 922 3871 est,
955 3816 1040 3872 quam
1060 3800 1209 3872 Apuleius,

95 3911 186 3967 usquc
217 3897 255 3954 ad
285 3897 412 3956 taedium
441 3899 548 3957 iterum
573 3899 734 3972 iterumque
760 3898 899 3958 describit
919 3905 952 3957 ut
973 3914 1034 3971 cap.
1057 3899 1070 3955 Ι
1092 3899 1139 3968 24,
1162 3898 1209 3955 26.

88 3992 129 4052 ΛΠ
145 3994 191 4052 11.
223 3994 347 4052 Videtur
360 3995 427 4053 inde
441 3996 534 4069 primo
548 4001 668 4070 aspectu
682 3996 903 4056 concludendum
918 4011 989 4063 esse,
1011 3995 1099 4053 etiam
1113 3994 1143 4052 in
1156 3994 1212 4051 hac

95 4105 134 4148 re
149 4091 342 4164 excerptionis
355 4093 477 4166 vestigia
490 4094 520 4152 in
530 4094 619 4153 Asino
633 4094 716 4152 nobis
730 4093 885 4166 obversari,
900 4092 1079 4164 Luciumque
1089 4092 1211 4151 Patren·
