2752 4806
625 439 846 504 ..33-

178 629 338 703 Apuleium
370 632 479 690 duobus
510 632 571 690 illis
595 631 666 690 locis
687 632 815 704 paullum
835 632 996 692 immutatis
1016 635 1088 692 satis
1108 635 1183 694 scite
1202 652 1295 695 remo

179 727 264 785 visse.
307 729 406 799 Atque
438 729 463 787 si
490 734 606 802 spectas
630 729 744 787 initium
768 729 954 801 illiusquam
985 748 1072 805 supra
1103 733 1192 791 attuli
1212 733 1295 793 Lucii

180 826 409 896 percontationis
432 824 507 894 ,Sed
528 840 602 896 quae
617 825 760 884 sciscitari
780 842 891 900 paene
911 828 1138 900 praeterivi“
1156 846 1191 889 eo
1206 830 1295 890 fontis

178 923 376 981 narrationem
391 940 456 981 eum
469 923 575 981 leviter
587 924 713 982 voluisse
727 923 925 996 perstringere
946 925 1040 983 facilis
1061 930 1106 983 est
1120 927 1294 987 coniectura

261 1021 371 1080 Lucius
390 1021 421 1078 in
441 1021 553 1079 asinum
573 1027 701 1080 mutatus
720 1022 751 1079 in
772 1023 917 1080 stabulum
931 1040 961 1081 se
975 1024 1098 1094 confert,
1120 1026 1170 1083 ubi
1182 1027 1297 1099 reliqua

179 1121 309 1178 iumenta
329 1120 519 1178 versabantur
538 1119 635 1191 ibique
656 1119 722 1190 equi
739 1119 784 1178 sui
797 1120 981 1192 malignitate
992 1121 1029 1179 ad
1042 1123 1133 1180 risum
1143 1137 1175 1181 se
1189 1127 1298 1181 motum

179 1233 244 1276 esso
264 1221 368 1274 narrat
388 1217 438 1275 sed
459 1234 512 1288 pro
533 1217 593 1274 risu
608 1217 757 1275 rudivisse.
789 1216 894 1276 Adicit
908 1218 1010 1276 deiude
1024 1219 1096 1277 haec
1106 1221 1199 1279 verba
1212 1222 1297 1279 ταῦτα

178 1312 228 1391 γὰρ
244 1307 384 1371 ’ἐνενόουν
415 1313 482 1391 πρὸς
504 1313 631 1389 ἐμαυτὸν·
659 1313 682 1372 ὦ
708 1318 757 1391 τῆς
777 1314 890 1392 ἀκαίρου
911 1314 1012 1392 ταύτης
1032 1316 1191 1394 περιεργίας·
1212 1316 1241 1376 τό
1257 1318 1296 1389 δέ,

180 1412 203 1471 εἰ
235 1411 316 1475 λύκος
347 1411 518 1489 παρειςέλθοι
538 1410 556 1488 ἢ
578 1408 645 1470 ἄλλο
665 1434 690 1469 τι
710 1411 819 1488 θηρίονς
841 1411 1023 1471 κινδυνεύεταί
1043 1434 1089 1488 μοι
1110 1413 1197 1490 μηδὲν
1212 1415 1296 1475 κακὸν

179 1508 339 1585 πεποιηκότι
371 1507 557 1586 διαφθαρῆναι.
589 1510 674 1567 ταῦτα
695 1508 795 1566 ἐννοῶν
815 1508 930 1586 ἠγνόουν
951 1510 965 1567 ὁ
987 1511 1122 1589 δυστυχὴς
1141 1511 1174 1569 τὸ
1196 1511 1297 1588 μέλλον

183 1606 279 1667 κακόν.
311 1605 457 1678 Apertum
478 1612 522 1665 cst
542 1608 712 1679 scriptorem
733 1607 809 1665 huuc
828 1609 1005 1666 narrationis
1025 1624 1211 1681 progressum
1232 1608 1296 1670 cffi-

179 1720 246 1765 cere
267 1705 402 1775 voluisse,
434 1709 467 1763 ut
487 1706 585 1764 asinus
605 1706 657 1764 illo
679 1723 730 1764 suo
751 1706 850 1764 ruditu
870 1707 984 1778 iniquae
1004 1722 1075 1766 suae
1095 1708 1183 1768 sortis
1196 1710 1296 1768 mami-

178 1801 268 1860 nisset
298 1800 419 1873 ideoque
450 1801 684 1874 intempestivam
705 1803 903 1861 curiositatem
929 1803 1011 1874 queri
1030 1803 1182 1879 inciperet,
1204 1823 1295 1878 neque

177 1900 272 1957 minus
294 1903 426 1972 apertum
449 1904 495 1957 est
506 1900 656 1957 consilium
676 1899 748 1957 illud
762 1899 865 1958 inillis
881 1904 970 1968 certe,
993 1916 1066 1972 quae
1079 1917 1156 1959 nunc
1169 1907 1293 1973 exstant,

178 1998 297 2055 minimo
329 1995 497 2068 significari.
530 1997 631 2055 Facile
652 1998 743 2069 igitur
764 1997 888 2056 conicias
907 1997 1091 2055 intercidisse
1113 2000 1293 2069 sententiam,

178 2110 236 2165 qua
257 2095 369 2152 asinum
390 2094 498 2152 dictum
519 2093 558 2151 sit
577 2093 676 2150 ruditu
697 2109 747 2152 suo
770 2093 945 2152 calamitatis
965 2109 1120 2153 memorem
1140 2093 1294 2155 factumst

178 2190 215 2248 ad
236 2192 388 2249 tristitiam
408 2191 558 2249 redactum
579 2206 651 2248 esse.
682 2190 767 2264 Quod
787 2189 949 2250 firmissime
963 2191 1030 2249 inde
1043 2193 1196 2265 probatur,
1219 2191 1295 2263 quod

177 2289 326 2360 particula
355 2287 406 2364 γάρ
437 2288 467 2345 in
498 2287 581 2344 initio
602 2287 686 2346 huius
706 2288 763 2347 loci
783 2289 892 2362 posita,
925 2305 989 2346 eum
1010 2288 1082 2346 nihil
1104 2289 1226 2361 habeat,
1258 2288 1294 2348 ad

177 2386 253 2458 quod
274 2386 433 2459 pertineat,
465 2388 498 2442 ut
518 2384 577 2442 tale
599 2385 792 2453 enuntiatum,
814 2386 898 2457 quale
919 2383 1088 2457 significavi,
1111 2391 1200 2444 antea
1220 2387 1294 2446 inse·

178 2499 287 2554 ramus,
309 2482 471 2542 necessario
492 2480 659 2556 postulat.¹)
690 2481 793 2541 Omnia
812 2486 893 2541 recte
916 2482 1083 2555 procedent,
1105 2482 1295 2542 sihaecferu

176 2581 267 2640 verba
288 2581 455 2653 interponito
475 2581 556 2637 τοῦτο
578 2579 607 2637 δέ
622 2602 657 2654 με
671 2583 719 2656 τῆς
734 2579 975 2657 μεταμορφώσεως
989 2577 1065 2642 αὖθις
1079 2578 1225 2656 ἀνέμνησε·
1250 2579 1295 2639 καὶ

178 2677 253 2752 μάλα
275 2676 424 2752 ἐλυπήθην·
449 2678 534 2734 ταῦτα
554 2674 605 2753 γὰρ
626 2684 679 2734 etc.
712 2678 773 2734 Iam
795 2678 960 2747 ,Lucianeo‘
982 2682 1065 2735 textu
1078 2682 1215 2735 accurate
1229 2694 1294 2750 per·

178 2779 307 2832 tractato
344 2774 452 2831 rectius
485 2773 573 2830 etiam
603 2773 730 2830 iudicare
761 2773 918 2844 poterimus
950 2773 986 2831 de
1017 2773 1187 2832 diversitate
1217 2775 1295 2832 inter

91 2908 94 2916 »
179 2870 322 2939 ,Luciani‘
341 2868 507 2942 Apuleique
531 2870 714 2928 narrationes
734 2871 790 2929 boc
810 2870 874 2928 loeo
895 2870 1102 2928 intercedente.
1149 2869 1296 2930 Adiunxit

178 2968 254 3026 enim
279 2966 422 3040 Apuleius
452 2967 490 3024 ad
520 2967 648 3040 lepidam
679 2967 715 3025 de
746 2967 811 3037 eqni
841 2967 1023 3039 malignitate
1055 2967 1183 3025 fabulam
1208 2968 1295 3026 aliam

179 3065 281 3124 similis
311 3063 471 3137 argumenti
491 3064 739 3135 historiunculam,
773 3063 914 3134 quomodo
934 3062 1043 3120 Lucius
1063 3063 1100 3120 ab
1121 3063 1213 3136 ipsius
1234 3080 1294 3122 ser·

179 3163 245 3220 vulo
261 3161 455 3220 crudelissime
469 3162 611 3220 mulcatus
622 3166 706 3220 esset.
728 3162 875 3220 Disseruit
886 3161 921 3219 de
935 3177 971 3218 ea
984 3160 1135 3219 Knautius
1148 3164 1296 3235 multaque

180 3261 210 3317 in
242 3276 277 3317 ea
307 3259 363 3317 sibi
393 3259 535 3317 invenisse
565 3260 644 3317 visus
674 3264 732 3328 est,
765 3275 837 3330 quae
868 3275 955 3317 sanae
981 3259 1071 3316 menti
1091 3264 1294 3332 repugnarent.

184 3355 275 3426 „Nam
297 3357 434 3429 primum,
466 3357 517 3425 ait,
538 3356 718 3428 probabilius
739 3362 792 3428 est,
815 3356 978 3427 equisonem
999 3356 1168 3429 priusquam
1190 3355 1296 3416 fusum

180 3454 341 3525 adriperet,
368 3453 504 3511 miratum
526 3454 714 3525 quaesivisse,
746 3453 821 3512 unde
842 3455 960 3525 ignotus
980 3453 1078 3511 asinus
1099 3454 1296 3513 instabulum

250 3605 269 3670 ¹)
288 3601 369 3668 Quod
398 3617 460 3656 cum
480 3617 535 3656 nou
554 3601 776 3672 perspexissent,
805 3601 896 3657 varias
915 3600 1089 3656 coniecturas
1109 3601 1144 3656 de
1162 3600 1216 3657 hoc
1234 3602 1296 3657 loco

176 3692 232 3746 viri
260 3691 334 3746 docti
361 3690 540 3759 protulerunt
566 3688 617 3745 sed
644 3706 759 3745 sensum
776 3706 876 3745 sanum
893 3691 1042 3746 restituere
1059 3706 1116 3745 non
1133 3692 1295 3759 potuerunt.

176 3778 308 3848 Plerique
326 3776 367 3832 ita
394 3794 424 3833 se
443 3776 517 3832 hunc
535 3778 628 3833 locum
646 3795 746 3834 sanare
764 3795 848 3849 posse
867 3778 921 3834 sibi
939 3779 992 3834 visi
1010 3780 1088 3847 sunt,
1125 3781 1158 3833 ut
1175 3779 1296 3833 molesta

176 3867 226 3920 illa
244 3866 383 3936 particula
400 3867 446 3937 peip
467 3865 577 3921 sublata
594 3883 645 3936 pro
656 3865 701 3939 peip
721 3865 785 3938 i’r‘ip’
804 3867 999 3937 rescriberent,
1017 3867 1067 3922 sed
1084 3866 1239 3922 omiserunt
1253 3865 1297 3921 1111

178 3953 372 4009 difficultatem
389 3970 446 4009 nou
465 3954 555 4009 solum
573 3954 603 4010 in
621 3956 671 4011 illa
688 3972 756 4012 voce
774 3956 820 4027 qoip
833 3957 955 4026 positam
967 3971 1037 4023 esse,
1056 3955 1106 4011 sed
1117 3955 1199 4023 ineo,
1219 3954 1296 4025 quod

176 4041 335 4098 necessario
354 4058 439 4097 causa
456 4043 618 4114 requiritur,
639 4061 688 4100 cur
700 4045 800 4099 Lucius
820 4044 855 4099 ab
873 4045 933 4099 risu
950 4044 999 4099 illo
1012 4043 1105 4099 subito
1117 4042 1296 4099 descenderit

178 4130 214 4186 ad
232 4129 455 4186 lamentationes.
