2752 4806
588 417 808 481 ..32-

143 626 203 667 sem
218 610 255 667 ad
277 627 340 668 eam
360 613 533 671 narrationis
553 613 674 671 formam
696 612 814 686 propius
835 614 997 686 accessisse,
1019 631 1103 686 quam
1117 617 1256 688 Apuleius

143 706 279 765 ostendit.
323 707 431 767 Verum
453 713 550 767 tamen
571 728 688 783 prorsus
710 727 773 767 cum
794 687 938 783 Knautio‚
967 713 1017 783 qui
1037 717 1133 770 tamen
1156 729 1256 772 causas

141 821 198 862 non
219 806 328 875 attulit,
350 807 497 864 consentio
519 809 572 865 hoc
593 809 656 867 lccc
678 809 823 880 integram
843 808 969 866 fabulam
983 810 1018 867 ab
1033 811 1183 879 ‚Lucieno‘
1199 827 1255 868 non

140 919 202 960 esse
235 903 422 974 epitomatam
453 906 503 963 sed
535 908 572 963 ab
593 907 713 978 Apuleio
734 911 883 963 mutatam.
926 907 1026 977 Neque
1048 908 1123 965 enim
1145 908 1253 966 iteres

139 1004 184 1073 est
205 1006 385 1071 comparata,
406 1006 438 1058 ut
460 1003 543 1060 Asini
564 1008 665 1061 auctor
686 1004 726 1060 nil
747 1004 802 1061 nisi
823 1003 942 1061 Milonis
963 1005 1103 1062 avaritiae
1125 1004 1251 1077 descrip-

137 1096 232 1154 tiones
254 1098 393 1165 omiserit‚
416 1100 466 1158 sed
487 1101 545 1170 ita,
566 1104 599 1157 ut
620 1117 717 1159 eorum
737 1101 800 1158 loco
822 1099 901 1158 aliud
922 1101 1066 1161 exhibeat.
1109 1103 1252 1160 Nimirum

139 1193 217 1265 apud
230 1195 384 1267 Apuleium
397 1196 467 1255 Milo
489 1215 521 1256 re
542 1214 612 1255 vera
632 1215 737 1257 avarus
760 1202 803 1256 est
821 1199 945 1270 talisque
968 1199 1151 1270 describitur,
1173 1199 1250 1272 apud

139 1290 318 1362 ,Lucienum‘
352 1300 452 1351 contra
483 1296 519 1352 ab
540 1295 758 1367 Hypatensibus
783 1311 887 1353 avarus
908 1295 1058 1368 habetur‚·
1077 1314 1135 1355 non
1156 1302 1252 1356 tamen

86 1424 90 1430 -
139 1393 198 1458 est,
232 1389 282 1446 sed
313 1390 417 1448 bonum
449 1392 591 1464 hospitem
618 1397 648 1449 et
671 1392 820 1450 liberalem
842 1408 913 1463 erga
933 1392 1055 1450 Lucium
1076 1410 1108 1451 se
1129 1396 1252 1465 praebet

138 1485 233 1560 (capp.
265 1489 280 1544 3
304 1493 376 1545 extr.
401 1492 430 1545 et
450 1488 492 1562 4).
535 1487 629 1557 Quare
650 1488 721 1545 illud
742 1490 833 1546 solnm
855 1488 1046 1559 quaerendum
1068 1495 1124 1561 est,
1158 1496 1251 1549 utram

139 1582 361 1656 descriptionem
387 1585 418 1641 in
440 1585 579 1642 communi
600 1587 757 1656 exemplari
782 1584 869 1643 fuisse
892 1602 1068 1646 censeamus.
1099 1587 1195 1660 Quam
1216 1589 1251 1647 ad

137 1698 199 1739 rem
219 1681 430 1740 diiudicandam
444 1699 542 1740 rursus
556 1682 700 1755 Apuleius
714 1699 765 1740 nos
779 1683 904 1754 adiuvat,
921 1684 1026 1756 quippe
1042 1685 1088 1741 cui
1102 1686 1250 1758 proprium

136 1778 182 1845 sit,
205 1783 239 1835 ut
251 1778 276 1835 si
295 1795 379 1849 quam
394 1784 507 1851 partem
521 1780 634 1838 fabulae
649 1781 780 1853 mutavit,
802 1781 856 1838 sibi
870 1797 927 1838 non
942 1785 1063 1847 constet,
1079 1781 1130 1838 scd
1143 1783 1249 1854 prioris

136 1874 245 1933 formae
266 1877 391 1948 vestigia
411 1877 509 1936 multis
529 1878 602 1936 locis
623 1883 759 1936 reservet.
791 1878 872 1948 Quod
892 1879 947 1934 hoc
968 1894 1079 1948 quoque
1093 1879 1157 1937 loco
1172 1880 1249 1938 acci·

136 1973 206 2031 dit..
220 1973 268 2031 llli
288 1975 364 2031 enim
377 1975 495 2032 Milonis
514 1975 700 2047 descriptioni
715 1992 778 2032 eum
793 1979 893 2046 aperte
907 1978 1060 2047 repugnat,
1083 1976 1161 2045 quod
1177 1977 1247 2034 dicit

136 2069 244 2128 Lucius
267 2071 336 2128 113
366 2073 522 2141 „Milonem
549 2073 691 2144 hospitem
722 2073 783 2130 sine
808 2073 868 2129 ulla
896 2073 1013 2142 querela
1034 2073 1181 2131 deseram“
1205 2074 1251 2133 vel

136 2167 200 2224 116
223 2168 326 2240 „probi
340 2168 459 2225 Milonis
480 2170 624 2239 genialem
644 2173 739 2225 torum
760 2170 910 2240 religiosus
931 2170 1072 2241 suspice,
1095 2174 1157 2226 tum
1177 2171 1248 2228 iMud

136 2264 212 2335 quod
245 2267 335 2322 multo
360 2270 427 2338 post
448 2265 522 2322 dixit
541 2266 709 2322 mutationis
730 2282 798 2323 suae
818 2266 923 2336 prioris
943 2267 1001 2322 iam
1023 2266 1129 2324 oblitus
1151 2269 1208 2326 VII
1229 2269 1245 2325 3

137 2363 274 2431 „crimine
295 2362 444 2420 latrocinii
457 2363 488 2420 in
501 2364 645 2434 hospitem
655 2361 725 2419 mihi
740 2363 918 2419 carissimum
933 2362 1130 2433 postulabar“.
1164 2365 1246 2424 Unde

133 2460 163 2517 in
189 2459 271 2518 libris
300 2461 444 2532 prioribus
464 2460 618 2532 Apuleium
639 2460 983 2521 narrationemmutasse
1003 2458 1167 2531 fontcmquc
1187 2462 1246 2520 eius

132 2557 251 2614 Milonis
282 2574 376 2614 mores
411 2557 544 2614 similiter
576 2557 759 2628 descripsisse
781 2561 868 2627 atque
888 2554 976 2613 Asini
996 2556 1191 2615 fabulatorem
1211 2557 1243 2616 iit

132 2655 377 2712 verisimiMimum.
419 2653 514 2724 uuida
536 2653 610 2723 quod
625 2655 723 2724 paullo
738 2658 805 2724 post
819 2654 848 2709 in
863 2653 945 2708 Lucii
960 2652 1130 2723 Fotidisque
1145 2671 1243 2713 amore

132 2754 365 2823 sermonibusque
386 2751 553 2809 enarrandis
574 2767 673 2808 rursus
695 2752 818 2808 colorem
838 2751 978 2808 historiae
998 2750 1142 2823 Apuleius
1163 2768 1245 2824 pror·

132 2865 179 2907 sus
204 2849 335 2906 mutavit.
378 2848 542 2916 ‚Lucienus‘
575 2849 650 2905 enim
676 2848 725 2919 qui
745 2849 799 2906 hcc
819 2848 883 2906 loeo
905 2848 966 2906 sine
988 2848 1073 2906 dubio
1096 2850 1248 2921 exemplar

131 2964 216 3020 quam
235 2946 401 3004 fidelissime
421 2949 534 3004 secutus
556 2952 613 3013 est,
641 2950 806 3004 constanter
826 2947 918 3003 utitur
938 2945 1158 3003 similitudinum
1173 2962 1242 3017 qus-

130 3046 250 3103 rundam
275 3043 473 3115 ambiguitate.
516 3041 660 3115 Apuleius
686 3047 787 3100 contra
807 3048 925 3114 praeter
945 3042 1132 3115 paucissimos
1153 3043 1240 3114 locos,

130 3143 179 3201 uhi
199 3143 251 3199 illa
271 3141 461 3214 ambiguitate
482 3157 583 3212 parum
597 3141 746 3197 intellecta
759 3141 832 3197 mira
845 3140 976 3213 protulit,
985 3138 1009 3214 ¹)
1031 3138 1127 3197 omnia
1140 3145 1241 3211 aperte

130 3239 247 3299 deflexit
267 3241 297 3297 in
319 3241 472 3296 obscenum
493 3254 582 3309 eoque
604 3239 634 3295 in
655 3237 749 3295 studio
770 3238 874 3294 mirum
896 3253 981 3308 qnam
1002 3237 1057 3294 sibi
1072 3238 1203 3295 constitit
1223 3254 1241 3294 a

130 3339 224 3410 capite
245 3337 363 3395 secundi
384 3337 452 3393 libri
473 3339 555 3394 sexto
578 3338 607 3393 et
628 3335 750 3406 septimo
772 3351 825 3406 per
845 3338 932 3406 caput
954 3333 1095 3391 decimum
1116 3339 1147 3392 et
1161 3334 1245 3392 deci-<

129 3451 205 3492 mum
225 3441 338 3494 sextum
359 3439 389 3491 et
409 3434 562 3505 septimum
583 3448 672 3503 usque
692 3432 729 3489 ad
749 3432 817 3490 libri
838 3431 920 3488 tertii
934 3430 1101 3488 vicesimum
1115 3431 1239 3488 alterum

129 3538 159 3590 et
178 3531 305 3589 tertium.
348 3533 442 3601 Atque
472 3530 548 3588 idem
570 3529 693 3587 studium
715 3534 817 3601 postea
838 3529 925 3586 etiam
948 3528 1116 3585 obversatur
1136 3527 1167 3585 in
1188 3527 1239 3595 eis,

128 3646 200 3701 quae
223 3629 257 3686 de
279 3628 370 3686 Gallis
390 3632 493 3685 narrat
513 3626 585 3685 VIII
600 3628 727 3694 23-26,
749 3642 803 3698 quo
826 3625 937 3697 etipse
958 3625 1021 3681 loco
1041 3623 1079 3680 ad
1093 3623 1239 3683 Graccum

127 3727 232 3785 multas
253 3726 445 3784 obscenitates
467 3724 605 3797 Apuleius
626 3724 768 3783 adiunxit.

206 3821 273 3880 Una
293 3822 405 3894 reliqna
425 3829 482 3890 est,
509 3822 544 3880 de
566 3839 622 3894 qua
643 3821 853 3879 decernendum
874 3819 921 3885 sit
943 3818 978 3876 de
999 3815 1145 3875 Chaldaeo
1166 3817 1238 3876 Dio-

125 3920 219 3993 phane
241 3920 346 3990 fabula,
369 3935 453 3991 quam
473 3918 615 3990 Apuleius
636 3920 754 3976 exhibet
774 3917 944 3976 1110-14.
980 3914 1026 3972 De
1047 3915 1101 3971 hac
1121 3930 1238 3986 quoque

197 4070 217 4137 ¹)
238 4068 315 4124 Sicut
330 4029 403 4122 illud
425 4066 545 4140 μακάριος
566 4065 635 4126 ὅστις
655 4064 764 4118 ἐνταῦθα
784 4063 923 4135 {radoldum
941 4060 1057 4116 ridicule
1075 4062 1161 4115 vertit
1178 4061 1238 4116 ΙΙΊ

126 4159 209 4228 „felix
227 4159 272 4214 cui
290 4158 449 4228 permiseris
467 4156 534 4212 illuc
547 4156 665 4226 (scilicet
676 4156 706 4209 in
717 4153 902 4224 pulmentum]
916 4151 1058 4221 digitum
1069 4149 1226 4218 intingere“
