2752 4806
574 468 795 531 ..22-

129 667 182 730 est,
197 668 230 719 ut
243 664 380 739 nonnulla
391 678 455 721 cum
465 663 603 735 proximis
615 663 743 721 adversis
760 663 903 721 frontibus
913 667 1049 735 pugnent.
1087 661 1242 721 Praemisit

129 759 205 816 enim
226 775 289 817 eam
309 761 448 833 Apuleius
469 761 519 830 eis,
545 776 617 830 quae
638 760 768 819 insonte
789 777 840 818 sno
862 761 897 818 de
917 761 1064 819 hortulani
1084 761 1241 832 militisque

131 855 277 914 cuiusdam
303 873 440 916 concursu
462 858 552 914 allata
572 861 667 929 erant,
701 864 788 928 atque
808 860 849 915 ita
870 874 933 916 cum
955 859 996 918 eis
1019 859 1177 925 coniunxit,
1210 864 1242 916 ut

130 957 271 1022 narraret,
293 954 476 1011 hortulanum
497 954 657 1025 aliquando,
679 960 713 1012 ut
731 955 871 1013 rusticum
897 955 978 1013 illum
999 955 1146 1025 visitaret,
1178 973 1242 1013 cum

129 1051 210 1107 asino
232 1067 389 1123 egressum,
423 1068 486 1109 oum
507 1052 557 1109 ille
577 1056 698 1125 propter
724 1069 839 1110 saevam
870 1051 1015 1111 fortunam
1037 1053 1098 1125 ipse
1120 1058 1241 1111 mortem

129 1147 186 1204 sibi
207 1148 390 1206 conscivisset
409 1154 489 1206 retro
514 1149 552 1206 ad
572 1150 687 1206 hortum
702 1147 784 1206 suum
804 1149 883 1208 viam
897 1149 1084 1222 capessivisse
1105 1150 1136 1207 in
1150 1165 1242 1220 eaque

130 1261 193 1301 cum
219 1245 310 1302 milite
336 1262 519 1316 congressum
546 1262 615 1304 esse.
668 1247 731 1317 Qua
760 1247 791 1303 in
821 1264 853 1303 rc
883 1247 936 1303 hoo
960 1262 1077 1317 prorsus
1102 1247 1240 1318 neglexit,

130 1341 206 1412 quod
232 1347 262 1399 ct
285 1343 316 1399 in
338 1342 449 1400 Graeco
475 1348 575 1415 aperte
602 1343 708 1400 dictum
740 1347 804 1400 erat
825 1347 854 1400 et
879 1344 914 1401 ab
940 1344 1002 1414 ipso
1028 1344 1242 1402 inversionem

130 1455 212 1496 suam
232 1439 298 1497 inde
319 1441 539 1512 transscriptum
560 1440 660 1498 militis
674 1439 878 1511 hortulanique
898 1456 1024 1512 pugnam
1037 1439 1147 1498 iactam
1168 1457 1240 1509 esse,

92 1594 98 1604 ,
131 1552 195 1594 curn
216 1536 369 1607 aliquando
389 1537 558 1594 hortulanus
573 1538 608 1594 ab
623 1538 709 1594 horto
730 1553 782 1595 sno
803 1537 834 1593 in
854 1537 954 1594 urbem
975 1535 1241 1612 proficisceretur.¹)

33 1648 37 1654 ·
129 1631 211 1690 Dicit
229 1634 283 1690 hoc
301 1634 363 1705 ipse
383 1634 554 1692 hortulanus
574 1635 605 1691 in
626 1635 722 1705 capite
737 1635 774 1692 39
799 1640 918 1705 „petere
938 1651 968 1693 se
985 1635 1131 1692 civitatem
1145 1634 1241 1706 proxi-

130 1731 225 1788 man1“
249 1735 335 1802 atque
354 1747 386 1789 re
400 1746 470 1789 vera
490 1731 583 1788 milite
599 1747 734 1804 oppresso
759 1732 888 1799 ,concito
909 1731 1002 1803 gradu
1022 1737 1103 1789 recta
1123 1731 1243 1788 festinat

132 1827 170 1884 ad
192 1827 355 1886 civitatem“
380 1827 456 1901 (cap.
472 1828 534 1902 40).
566 1829 645 1899 Quae
667 1844 730 1885 cum
751 1827 996 1901 praecedentibus,
1019 1828 1120 1899 quibus
1140 1829 1241 1885 hortu-

130 1925 227 1982 lanum
252 1925 289 1982 ab
310 1925 412 1982 rustici
433 1924 531 1983 casula
551 1929 630 1983 retro
652 1924 688 1982 ad
709 1925 800 1996 ipsius
820 1925 936 1982 hortum
957 1925 1033 1981 viam
1054 1925 1242 1996 capessivisse

131 2024 299 2092 expositum·
313 2027 358 2079 est
378 2022 408 2078 in
429 2022 512 2079 initio
535 2038 599 2094 cap.
622 2023 668 2091 39,
694 2023 737 2079 ita
757 2027 868 2079 tantum
891 2027 1009 2093 possent
1031 2003 1188 2094 conciliari,
1210 2027 1243 2079 ut

128 2134 298 2189 poneremus
329 2118 445 2176 hortum
473 2119 503 2175 in
534 2120 605 2175 urbe
634 2120 699 2191 ipsa
725 2119 811 2175 situm
836 2118 936 2176 fuisse.
981 2119 1062 2192 Quae
1088 2119 1241 2191 explicatio

130 2214 196 2272 inde
210 2231 278 2272 sane
293 2216 485 2273 commendari
499 2216 622 2284 videtur,
644 2216 718 2287 quod
739 2220 804 2287 post
823 2217 912 2275 verba
932 2216 984 2273 illa
1005 2221 1104 2284 ,recta
1123 2216 1243 2274 festinat

131 2314 167 2371 ad
189 2313 353 2371 civitatem‘
377 2315 448 2374 haec
469 2315 678 2386 subsequuntur
702 2331 774 2383 ,neo
793 2314 941 2372 hortulum
962 2331 1043 2371 suum
1069 2316 1172 2371 saltem
1192 2330 1242 2371 cu-

204 2570 226 2640 ¹)
244 2569 347 2639 Incipit
364 2569 439 2638 apud
458 2568 612 2623 Lucienum
634 2568 703 2623 haec
721 2569 845 2623 narratio
874 2567 908 2622 ab
931 2566 975 2621 his
998 2567 1094 2622 verbis
1113 2559 1155 2619 roi
1181 2585 1242 2619 rora

131 2657 249 2725 ἐξιόντων
270 2658 342 2730 ἡμῶν
363 2657 394 2717 ἐς
417 2655 469 2709 τὸν
488 2665 584 2728 κῆπον
609 2657 749 2729 ἐντυγχάνει
772 2655 835 2725 ἀνὴρ
849 2657 967 2734 ,γενναῖος
986 2656 1041 2711 κτλ.
1077 2656 1137 2710 Iam
1156 2674 1173 2710 a
1192 2655 1242 2711 So-

128 2747 193 2801 lano
211 2746 386 2801 intellectum
405 2747 459 2815 est,
482 2746 556 2800 hunc
574 2745 665 2800 locum
683 2760 782 2799 sanum
802 2758 937 2798 essenon
956 2759 1052 2814 posse,
1076 2761 1139 2800 cum
1157 2744 1244 2800 verba

131 2835 156 2894 ἐς
176 2832 219 2886 τὸν
238 2841 316 2906 κῆπον
334 2837 525 2904 repugnarent
542 2834 733 2904 sequentibus,
752 2833 852 2902 quibus
865 2832 1045 2887 hortulanum
1063 2833 1151 2888 milite
1168 2834 1243 2888 male

129 2923 252 2977 mulcato
271 2924 369 2979 urbem
386 2924 519 2994 petivisse
538 2924 668 2978 narratur
687 2923 726 2986 (in
745 2921 822 2976 exitu
840 2937 899 2991 cap.
912 2923 977 2991 lu).
1007 2922 1076 2976 Inde
1094 2922 1243 2978 Gourierus

129 3028 181 3082 pro
199 3012 291 3067 verbis
314 3011 371 3066 illis
390 3011 594 3067 restituendum
613 3026 675 3066 esse
695 3011 812 3064 coniecit
831 3010 856 3070 ἐς
879 3009 924 3080 τὴν
947 3010 1028 3079 πόλιν,
1054 3027 1168 3080 prorsus
1190 3011 1243 3064 im-

127 3099 319 3169 probabiliter,
339 3115 402 3153 cum
415 3115 431 3152 a
442 3099 535 3154 verbis
547 3098 657 3153 mediiis
671 3115 704 3152 ea
720 3098 803 3151 nimis
823 3099 935 3154 distent.
962 3099 1097 3154 Maiorem
1115 3099 1242 3154 veritatis

130 3188 252 3257 speciem
271 3187 360 3256 primo
379 3189 495 3256 aspectu
513 3185 648 3240 Hcrcheri
667 3186 891 3256 sententia‘prae
910 3203 940 3242 se
959 3185 1032 3241 ferre
1049 3185 1168 3254 videtur,
1194 3189 1242 3256 qui

129 3293 162 3330 ee
180 3279 212 3331 ut
230 3277 352 3346 glossam
371 3293 406 3329 ex
427 3275 507 3330 textu
526 3273 651 3328 eiciendo
670 3275 785 3330 censuit.
821 3275 902 3330 Patet
920 3276 972 3330 tali
988 3276 1096 3330 ratione
1115 3274 1243 3330 offensio·

128 3381 193 3418 nem
211 3381 326 3434 prorsus
344 3364 407 3418 tolli
425 3366 509 3434 atque
529 3363 569 3417 ad'
583 3362 668 3417 verba
687 3362 805 3429 ἐξιόντων
818 3365 891 3435 ἡμῶν
911 3365 950 3418 sic
969 3363 1133 3435 simpliciter
1150 3365 1243 3434 posita

131 3452 264 3507 lectorem
283 3453 417 3523 aliquem,
443 3468 564 3522 quonam
587 3452 727 3520 egressuri
746 3455 850 3520 essent,
878 3453 1039 3521 ascripsisse
1062 3451 1142 3507 facile
1160 3468 1244 3521 posse

129 3542 253 3609 cogitari.
290 3541 509 3595 Verumtamen
531 3538 609 3594 nullo
632 3539 714 3595 modo
737 3539 921 3609 intellegitur,
951 3541 1088 3611 quomodo
1116 3542 1178 3612 quis
1207 3543 1242 3598 ad

128 3632 288 3684 contextum
307 3627 503 3697 explicandum
525 3628 594 3682 haec
616 3622 859 3683 verbaannotare
886 3628 1010 3696 potuerit
1037 3629 1063 3688 ἐς
1087 3627 1131 3680 τὸν
1154 3630 1242 3700 ipsos,

128 3734 190 3772 cum
210 3720 239 3772 et
257 3733 291 3771 ex
309 3719 368 3771 toto
387 3717 518 3770 contextu
536 3717 696 3771 necessario
714 3716 879 3771 concludere
897 3718 975 3770 etex
994 3717 1042 3785 eis,
1062 3733 1134 3787 quae
1146 3720 1243 3775 statim

128 3805 350 3874 subsequuntur,
369 3803 523 3880 certissime
542 3818 710 3871 cognoscere
732 3804 860 3859 debuerit
887 3803 1065 3859 hortulanum
1092 3807 1159 3860 tunc
1186 3824 1243 3862 non

128 3909 162 3947 ex
181 3890 277 3946 casula
294 3907 345 3945 sua
362 3891 392 3944 in
410 3891 523 3945 hortum
539 3891 626 3946 ivisse
644 3891 693 3946 sed
712 3892 742 3945 in
754 3892 853 3946 urbem
864 3889 1020 3961 profectum
1033 3907 1102 3948 esse.
1134 3891 1194 3959 Qua
1208 3896 1243 3952 de

127 3996 211 4034 causa
229 3978 364 4033 Hcrcheri
383 3995 493 4049 qnoque
511 3980 679 4035 sententiam
700 3979 871 4035 reiciendum
895 3996 956 4034 esse
978 3981 1135 4052 putaverim
1158 3985 1243 4054 atque

126 4066 198 4121 hanc
216 4069 308 4135 potins
328 4066 393 4121 huic
411 4068 471 4122 loco
490 4068 630 4123 medelam
648 4068 825 4137 afferendam,
845 4071 877 4123 ut
895 4085 946 4141 pro
960 4070 1051 4125 verbis
1066 4070 1092 4130 ἐς
1105 4068 1148 4122 τὸν
1161 4078 1241 4143 κῆπον

124 4154 306 4210 restituamus
326 4156 400 4226 quod
417 4157 543 4226 proxime
562 4157 687 4213 ateste<
706 4162 751 4210 τοῦ
770 4159 859 4229 κήπου.
