2752 4806
580 379 792 442 ..13-

126 576 203 649 apud
227 576 406 644 ,Lucianum‘
429 589 540 645 qnoque
563 588 625 630 cum
647 571 772 628 maxima
794 568 951 627 desiderari
972 569 1114 626 molestia.
1160 569 1244 628 Unde

126 673 160 729 fit
174 671 235 729 reri
251 672 426 728 simillimum
442 687 459 727 a
481 669 629 741 ,Lucieno‘
653 666 782 725 exbiberi
798 667 873 723 hanc
887 665 1014 722 fabulam
1029 681 1086 723 non
1101 667 1243 738 integram

128 769 178 826 sed
214 785 248 825 ex
270 769 409 839 ampliore
432 767 493 824 eius
513 765 606 823 forma
627 764 859 838 Apuleiauaeque
882 763 967 820 simili
987 761 1154 821 foedissime
1175 779 1244 822 oon-

127 871 259 922 tractam.

209 961 317 1020 Verum
340 977 397 1018 non
418 961 511 1018 minus
532 959 616 1017 facile
637 959 710 1016 illud
724 974 835 1029 qnoque
849 957 1007 1029 perspicias
1021 973 1057 1014 ne
1072 959 1107 1016 ab
1123 958 1244 1029 Apuleio

127 1058 242 1129 quidem
264 1075 325 1116 eam
348 1058 491 1130 integram
512 1057 737 1129 repraesentari.
780 1054 997 1113 Goldbacherns
1018 1055 1179 1130 suspicatus
1200 1061 1245 1113 est

128 1157 226 1227 capita
246 1156 352 1227 Apulei
373 1154 433 1214 VII
456 1155 482 1223 6,
500 1156 515 1211 7
539 1154 615 1225 quod
636 1170 693 1210 non
715 1152 857 1210 Graecum
878 1151 928 1208 sed
943 1151 1104 1209 Romanum
1119 1153 1243 1210 colorem

128 1270 197 1324 prae
219 1270 249 1309 se
270 1252 393 1323 ferrent,
416 1253 452 1308 ab
475 1250 601 1323 Apuleio
624 1251 736 1308 demum
758 1251 867 1307 inserta
889 1265 959 1306 esse.
1005 1247 1062 1306 Sed
1082 1247 1244 1308 firmissime

130 1356 224 1422 potest
255 1350 447 1407 demonstrari
483 1349 597 1407 omuino
624 1353 716 1406 totam
748 1347 907 1419 Tlepolemi
932 1345 1105 1413 orationem,
1138 1363 1243 1416 quase

129 1448 270 1503 Haemum
291 1447 433 1503 latronem
456 1446 643 1504 clarissimum
666 1460 728 1502 esse
750 1445 952 1502 commentitur
965 1441 1034 1517 (VII
1056 1442 1159 1516 5-8),
1183 1458 1245 1500 cum

128 1542 370 1614 praecedentibus
391 1550 450 1599 tam
471 1542 594 1601 aduersa
614 1543 711 1599 fronte
734 1557 874 1613 pugnare,
896 1550 928 1598 ut
943 1556 1006 1597 eam
1022 1556 1039 1597 a
1053 1539 1145 1610 primo
1160 1540 1245 1597 huius

129 1639 244 1697 fabulae
275 1645 392 1697 anctore
424 1639 471 1696 hic
496 1639 698 1711 interpositam
725 1655 787 1696 esse
813 1639 892 1695 nullo
922 1638 1005 1695 modo
1034 1635 1172 1694 credibile
1197 1637 1242 1695 sit.

128 1740 239 1809 Nempe
262 1738 446 1794 manifestum
468 1742 511 1794 est
533 1753 576 1807 ea,
599 1752 671 1806 quae
692 1743 778 1794 antea
798 1735 827 1792 in
849 1735 944 1808 capite
959 1733 1003 1792 IV
1023 1733 1187 1805 speculator
1208 1733 1243 1791 de

130 1836 240 1893 advena
261 1851 329 1893 ase
351 1835 443 1891 accito
464 1832 595 1905 proferat
619 1850 668 1900 „se
691 1848 801 1903 quoque
822 1832 879 1889 iam
901 1830 1007 1889 dudum
1022 1830 1162 1901 quendam
1177 1846 1243 1888 oon-

129 1934 241 1991 venisse
272 1931 414 1989 hominem
438 1973 565 1988 .....
597 1930 678 2000 cique
710 1929 834 1986 suasisse
860 1944 894 1986 ac
915 1927 1036 1999 denique
1057 1928 1244 1999 persuasisse,

130 2035 162 2087 ut
193 2046 292 2087 manus
323 2031 475 2087 hebetatas
507 2027 619 2085 diutina
650 2028 768 2099 pigritia
788 2026 904 2084 tandem
924 2026 1050 2083 referret
1070 2025 1108 2082 ad
1130 2024 1243 2096 frugem

130 2128 277 2184 meliorem
299 2128 432 2196 bonoque
454 2125 603 2194 secundae,
626 2124 691 2181 dum
713 2129 817 2196 posset,
839 2123 985 2181 frueretur
1004 2123 1179 2180 ualetudinis
1194 2138 1246 2179 nec

131 2239 245 2279 manum
278 2221 402 2279 validam
430 2221 594 2293 erogandae
620 2221 689 2293 stipi
714 2221 878 2292 porrigeret
898 2220 949 2278 sed
969 2219 1128 2277 hauriendo
1149 2220 1245 2291 potius

132 2324 286 2376 exerceret
307 2323 406 2390 auro“‚
431 2319 505 2375 sicut
526 2318 672 2389 aptissime
693 2317 772 2375 dicta
786 2323 853 2374 sunt
867 2319 903 2375 de
913 2317 1026 2374 homine
1041 2321 1108 2374 tunc
1123 2318 1245 2389 primurn

132 2415 292 2472 latronibus
325 2431 356 2472 se
388 2414 530 2472 associare
552 2418 665 2479 conato,
699 2415 742 2472 ita
764 2432 826 2472 cum
848 2416 918 2487 illis,
955 2416 1056 2486 quibus
1078 2419 1181 2487 postca
1202 2416 1246 2489 (in

132 2529 193 2584 cap.
211 2512 300 2587 5-8)
321 2513 372 2569 1116
393 2513 455 2583 ipse
476 2511 617 2584 gloriatur
637 2512 722 2570 rebus
737 2511 891 2570 fortissime
907 2498 937 2570 e‘t
951 2512 1140 2570 audacissime
1154 2512 1245 2583 gestis

135 2611 213 2667 nullo
245 2611 329 2667 modo
355 2625 439 2680 posse
470 2609 627 2667 conciliari.
671 2609 768 2679 Atque
789 2626 845 2667 una
867 2626 930 2668 curn
952 2610 1007 2667 hac
1027 2610 1156 2667 oratione
1177 2609 1248 2666 illud

136 2723 258 2777 quoqne,
282 2709 358 2778 quod
380 2724 415 2764 ea
436 2706 569 2772 efficitur,
592 2706 668 2776 quod
689 2707 815 2765 advenae
839 2708 882 2764 1111
906 2707 1033 2764 latrones
1047 2707 1146 2764 statim
1161 2707 1248 2763 duca·

130 2811 190 2861 tum
213 2803 355 2873 deferunt,
377 2806 413 2861 ab
435 2805 496 2876 ipso
518 2805 603 2862 huius
625 2805 742 2862 fabulae
764 2810 881 2862 anctore
902 2805 1064 2862 necessario
1080 2804 1247 2863 abiudicar-

131 2903 197 2959 durn
224 2906 276 2958 661.
320 2902 421 2972 Neque
451 2902 524 2958 enim
550 2903 743 2959 necessarium
765 2907 828 2960 erat
849 2902 1016 2973 Tlepolemo
1039 2902 1076 2959 ad
1098 2901 1248 2960 consilium

131 3016 211 3057 suum
238 2999 449 3068 exsequendum
481 2999 626 3055 latronum
653 2998 851 3064 (1666161611,
874 2999 1016 3057 sedeatis
1038 2999 1149 3056 eierat
1171 2999 1248 3055 inter
1315 3019 1317 3023 ·

132 3098 262 3154 latrones
277 3097 391 3154 omnino
407 3097 519 3153 ascisci.
541 3095 644 3166 Neque
659 3092 797 3154 credibile
810 3102 853 3154 est
867 3096 1064 3153 1666661666
1080 3096 1115 3153 ab
1130 3100 1248 3153 auctore

131 3195 232 3251 ducem
264 3194 389 3264 aliquem
411 3194 554 3251 latronum
575 3192 723 3250 inductum
745 3209 819 3262 esse,
852 3173 915 3250 dum
936 3196 1088 3264 praeterea
1109 3208 1248 3263 nusquam

132 3292 188 3348 dux
219 3296 456 3349 commemoratus
489 3296 573 3349 esset.
616 3291 858 3348 Luculentissimc
888 3291 954 3348 hinc
985 3291 1126 3363 probatur
1156 3305 1247 3359 neque

132 3389 310 3457 ‚Lucianum‘
342 3405 435 3460 neque
457 3389 611 3460 Apuleium
636 3389 690 3446 hoc
715 3390 778 3447 looo
804 3390 972 3460 primariam
991 3387 1169 3446 narrationis
1189 3386 1247 3444 for-

117 3503 204 3542 mam
233 3471 376 3554 servassa
411 3487 460 3544 sed
486 3492 519 3543 ut
540 3487 589 3543 ille
611 3502 674 3544 eam
696 3502 780 3557 quam
801 3487 926 3544 maxime
947 3485 1174 3556 abbreviaverit,
1206 3483 1249 3540 616

129 3583 205 3640 1666
227 3584 298 3642 66116
319 3584 497 3642 incommode
518 3581 717 3656 amplificasse.

210 3681 416 3753 Excerptionis
437 3680 574 3739 iudicium
590 3680 775 3739 manifestum
791 3681 879 3738 etiam
894 3680 991 3753 paullo
1006 3683 1073 3737 ante
1089 3679 1249 3737 enitescere

129 3779 200 3835 mihi
221 3778 338 3836 videtur
359 3780 387 3835 in
409 3778 495 3836 Asini
518 3779 612 3853 capite
636 3780 682 3850 24,
704 3778 754 3836 ubi
775 3779 846 3836 haec
867 3779 1000 3849 leguntur
1020 3775 1078 3834 ἐπεὶ
1092 3776 1122 3834 δὲ
1132 3776 1245 3853 ἥκομεν,

130 3874 196 3932 ἔνθα
210 3874 329 3954 ἐσχίζετο
341 3880 437 3953 τριπλῆ
450 3875 519 3944 ὁδός,
533 3877 558 3935 οἱ
569 3875 771 3953 πολέμιοιὴμᾶς
782 3873 1019 3952 καταλαμβάνουσι
1030 3874 1248 3952 ἀναστρέφοντες.

130 3973 189 4030 Cur
208 3975 283 4030 enim
309 3975 450 4032 adiectum
471 3982 515 4034 661
535 3976 605 4033 11161
627 3973 693 4032 ἔνθα
716 3972 835 4051 ἐσχίζετο
856 3976 952 4050 τριπλῆ
968 3971 1048 4035 odda?
1070 3970 1144 4030 Num
1157 3978 1189 4030 ut
1203 3974 1248 4030 iu-

131 4070 301 4144 tellegatur,
318 4089 370 4129 cnr
384 4072 513 4130 latrones
527 4073 648 4145 pedibus
663 4076 764 4130 euntes
777 4071 904 4144 puellam
919 4070 999 4128 asino
1014 4070 1175 4142 fugientem
1189 4075 1249 4127 tarn
