2752 4806
576 393 794 457 -30-

127 585 346 658 Hypatensibus
371 588 443 645 artis
472 588 599 659 magicae
619 585 696 645 fama
726 587 819 643 miuus
843 582 985 657 floruisse,
1019 589 1050 643 et
1085 586 1250 645 clarissime

130 683 275 742 refellitur
292 685 345 758 eis,
367 701 441 756 quae
460 686 490 743 in
503 685 609 758 Apulei
622 685 697 743 libro
718 684 749 743 ΙΙ
762 701 780 742 a
795 700 857 756 cap.
873 685 910 741 22
926 683 961 742 de
974 684 1092 741 illarum
1113 685 1251 757 potentia

131 783 264 852 exposita
284 787 358 841 sunt.
399 782 509 841 Contra
523 783 684 840 clarissima
696 783 769 840 haec
783 781 879 840 omnia
899 787 966 840 sunt
986 781 1064 854 apud
1077 780 1249 854 Apuleium,

130 878 207 949 apud
228 895 311 949 quem
332 881 407 937 hanc
428 882 464 939 ob
486 897 599 939 causam
618 880 745 953 Hypatis
765 880 944 952 potissimum
965 880 1026 937 tale
1047 879 1250 953 spectaculum

129 977 269 1049 magicum
289 993 319 1034 se
340 977 468 1035 visurum
489 994 551 1036 esse
571 982 669 1049 sperat
690 977 736 1051 (ΙΙ
759 977 799 1052 1),
822 977 897 1048 quod
916 977 1052 1035 comitum
1067 976 1254 1055 sermonibus

129 1072 204 1130 libro
219 1073 405 1145 praecedenti
415 1075 513 1132 allatis
524 1073 559 1131 de
570 1090 720 1145 maganum
730 1073 943 1146 Hypateusinm
958 1073 1030 1132 diris
1045 1072 1253 1132 conaminibus

130 1186 177 1227 res
198 1171 355 1243 permultas
386 1187 471 1241 quam
505 1170 628 1228 maxime
658 1170 804 1228 mirandas
835 1174 865 1227 et
890 1170 1048 1242 stupendas
1081 1170 1251 1228 audiverat.

130 1266 317 1325 Manifestum
344 1272 388 1325 est
414 1269 505 1325 simile
531 1267 599 1338 quid
624 1267 701 1339 apud
720 1267 881 1324 Lucienum
911 1267 948 1325 ad
969 1267 1145 1326 sententiam
1166 1267 1253 1326 illam

132 1364 331 1436 explicandam
352 1365 513 1424 desiderari
533 1381 568 1421 ac
587 1379 679 1435 paene
699 1361 835 1435 flagitari.
877 1364 956 1434 Quae
970 1362 1106 1422 molestia
1120 1363 1165 1422 sic
1186 1364 1253 1423 sine

132 1461 217 1518 dubio
239 1462 346 1534 optime
367 1463 498 1532 tolletur,
520 1461 544 1519 si
558 1461 679 1518 Asinum
699 1461 754 1518 hoc
775 1476 886 1531 quoque
906 1461 969 1519 loco
992 1466 1164 1533 excerptum
1186 1477 1253 1521 esso

130 1559 289 1615 statuemus
309 1574 400 1628 eaque
420 1557 524 1626 recisa,
546 1573 619 1627 quae
641 1573 677 1614 ex
696 1556 868 1628 Apuleiauis
888 1557 978 1614 Lucio
1000 1557 1160 1615 vindicavi.

208 1654 340 1722 Accedit,
363 1653 438 1725 quod
453 1654 540 1712 etiam
553 1654 582 1710 in
596 1654 660 1725 ipso
674 1651 762 1711 Asini
775 1658 856 1710 textu
876 1654 1072 1727 excerptionis
1091 1654 1253 1728 vestigium

131 1751 203 1809 satis
224 1752 333 1808 clarum
353 1750 467 1808 videtur
488 1755 612 1809 exstare.
654 1750 797 1808 Maximae
818 1750 892 1807 enim
914 1749 1101 1810 difficultates
1122 1752 1253 1824 praebet

128 1849 273 1905 sententia
299 1847 364 1919 illa,
393 1864 477 1918 quarn
503 1847 600 1920 paullo
632 1852 698 1919 post
718 1847 865 1905 exordium
890 1848 1027 1921 scriptam
1049 1848 1255 1909 videmussed

130 1966 189 2007 πως
209 1946 306 2022 ἔτυχον
321 1944 367 2003 καὶ
388 1941 464 2003 ἄλλοι
485 1943 607 2007 ἀπιόντες
618 1943 655 2007 εἰς
673 1941 782 2002 Ὕπατα
803 1943 878 2002 πόλιν
899 1947 948 2020 τῆς
968 1943 1116 2009 Θετταλίας
1138 1945 1251 2005 ἐκεῖθεν

128 2039 213 2103 ὅντες.
255 2040 380 2100 Videtur
400 2041 475 2098 enim
500 2041 565 2111 illa,
588 2043 613 2098 si
633 2047 768 2098 accurate
787 2041 1000 2115 interpreteris,
1029 2043 1182 2114 partIcula
1203 2042 1253 2103 καί

130 2143 198 2195 ante
219 2135 296 2195 ἄλλοι
334 2138 444 2194 inserta
468 2137 630 2196 necessario
656 2138 817 2210 postulare,
849 2142 883 2194 ut
907 2143 994 2196 antea
1014 2139 1101 2198 Lucii
1122 2140 1251 2213 Hypata

129 2226 329 2314 proficiscendi
369 2234 518 2292 consilium
554 2240 806 2293 commemoratum
837 2235 888 2307 sit,
921 2235 1079 2307 eademque
1112 2254 1180 2295 cum
1213 2237 1252 2296 ad

131 2348 233 2391 nomen
258 2329 366 2389 Ὕπατα
387 2332 542 2404 explicatio
564 2332 680 2390 adiecta
694 2333 732 2390 sit
751 2330 827 2389 πόλιν
841 2334 890 2407 τῆς
904 2329 1059 2405 Θετταλίας,
1084 2334 1251 2393 clarissime

129 2430 258 2488 iudicare
277 2429 377 2487 urbem
398 2430 478 2487 illam
498 2431 551 2487 hoc
571 2430 635 2487 loco
656 2430 749 2502 primo
768 2429 919 2501 appellari.
961 2430 1053 2500 Quam
1075 2431 1249 2509 discrepan-

127 2527 199 2585 tiam
218 2526 355 2585 facillime
375 2527 512 2600 explices,
546 2527 571 2585 si
595 2532 722 2585 nostram
748 2527 783 2584 de
803 2526 888 2584 Lucii
913 2528 1082 2586 narratione
1102 2529 1251 2601 probabis

128 2625 309 2684 sententiam.
346 2606 427 2682 Tunc
441 2623 515 2681 enim
531 2628 660 2696 apparet,
677 2623 798 2696 primam
809 2623 893 2680 huius
908 2623 1012 2696 capitis
1025 2629 1142 2697 partem
1156 2642 1251 2698 usque

128 2721 279 2794 adipeam
303 2721 377 2778 hanc
404 2721 589 2789 sententiam,
622 2736 687 2777 cum
712 2725 849 2778 accurate
875 2704 1007 2779 concinat
1029 2737 1095 2780 curn
1115 2721 1251 2797 Apuleio

129 2817 159 2892 (I
180 2817 213 2892 i)
236 2816 364 2889 prolecto
386 2816 476 2889 ipsius
495 2815 580 2873 Lucii
602 2816 749 2888 exemplar
769 2815 853 2873 nobis
870 2823 1102 2889 repraesentare.
1144 2818 1251 2892 Atque

128 2915 218 2973 etiam
238 2914 322 2970 huius
343 2913 486 2970 enuntiati
507 2919 620 2985 partem
634 2913 760 2985 priorem
781 2913 878 2991 ἔτυχον
899 2912 929 2970 a
951 2912 996 2972 καὶ
1018 2912 1105 2989 ἄλλοι,
1129 2918 1156 2976 si
1180 2934 1249 2976 con·

128 3012 189 3070 iero
210 3010 320 3083 Apulei
339 3010 429 3069 verba
455 3011 482 3085 (Ι
503 3009 533 3086 l)
558 3011 686 3082 ,duobus
714 3010 862 3080 comitum,
889 3011 938 3082 qui
963 3011 1060 3070 forte
1082 3013 1251 3086 paullulum

128 3113 340 3182 processerant,
372 3107 491 3164 tertium
512 3096 560 3165 me
578 3107 687 3179 iacio“,
721 3107 759 3165 ad
783 3107 863 3165 illum
890 3108 1064 3168 rettulerim.
1107 3111 1149 3167 At
1172 3127 1251 3183 quae

128 3207 261 3277 deinceps
282 3203 439 3263 afferuntur
453 3204 488 3262 de
503 3204 637 3263 comitum
657 3205 754 3276 patria
774 3209 803 3263 et
816 3205 921 3262 itinere
943 3204 1066 3269 ἀπιόντες
1087 3205 1117 3269 ἐς
1134 3204 1252 3266 “lucre

128 3301 232 3361 ἐκεῖθεν
254 3299 329 3364 ὄντες
349 3305 480 3375 apertum
501 3306 546 3359 est
566 3301 602 3359 ab
628 3306 795 3374 excerptorc
819 3318 881 3360 esse
902 3302 1048 3374 profecta,
1082 3319 1149 3360 cum
1169 3305 1251 3378 apud

127 3399 247 3471 Lucium
269 3399 404 3456 comitum
421 3398 549 3470 ipsorum
570 3415 700 3456 sermone
714 3399 831 3456 inducto
846 3399 917 3456 haec
932 3413 1044 3468 quoque
1065 3415 1189 3460 necesse
1209 3402 1252 3460 sit

129 3496 240 3554 directa
260 3495 389 3552 oratione
410 3495 498 3553 fuisse
520 3495 658 3554 exhibita.
700 3495 797 3567 Quare
823 3511 885 3553 cum
911 3495 1038 3567 priorem
1065 3496 1154 3554 huius
1180 3514 1249 3556 sen·

128 3593 240 3652 tentiae
250 3597 362 3665 partem
373 3607 431 3649 una
442 3608 504 3650 cum
517 3593 754 3665 praecedentibus
765 3596 917 3663 excerptor
928 3605 964 3649 ex
974 3592 1135 3664 exemplari
1145 3593 1251 3653 videa·

128 3696 177 3748 tur
200 3690 426 3762 transcripsisse,
447 3690 635 3762 posteriorem
654 3706 689 3747 ex
709 3690 772 3763 ipso
794 3688 928 3746 comitum
947 3687 1088 3758 colloquio
1107 3688 1250 3750 haustam

128 3788 164 3845 de
184 3802 235 3844 suo
256 3786 409 3856 addidisse,
430 3787 499 3857 quid
519 3787 631 3858 mirum,
653 3786 729 3858 quod
749 3787 814 3858 ipsa
835 3785 886 3842 illa
905 3799 1000 3842 secum
1020 3790 1157 3857 pugnet?
1229 3796 1233 3802 ·

206 3883 343 3941 Omnibus
373 3883 431 3942 iam
461 3888 540 3943 recte
570 3883 731 3957 perspectis
751 3881 824 3940 illud
848 3884 954 3951 restat,
984 3884 1017 3937 ut
1048 3880 1125 3938 hanc
1157 3883 1251 3943 Lucii

127 3980 302 4039 narrationis
327 3980 448 4038 formam
469 3996 505 4037 ex
524 3981 649 4054 Apuleio
674 3980 840 4039 restitutam
866 3981 952 4035 etex
974 3975 1124 4046 ‚Luciauo‘
1145 3978 1250 4039 firma·

127 4082 189 4135 tam
214 4077 321 4150 optime
341 4077 379 4135 ad
404 4093 439 4136 ea
467 4093 577 4148 quoque
602 4076 743 4150 quadrare
767 4087 906 4144 moneam,
931 4085 1003 4142 quae
1027 4074 1095 4130 aute
1121 4073 1168 4148 (p.
1192 4076 1247 4151 10)
