2752 4806
28 2210 56 2243 ἢ

534 391 755 453 ,47-

73 585 212 661 primum
244 590 274 646 et
304 587 397 661 ipsam
428 589 549 643 mortem
580 583 677 641 inedia
696 565 846 656 petivisse,
879 587 1027 640 exoratam
1048 579 1202 638 tandema

71 681 264 759 parentibus,
286 688 319 742 ut
339 685 416 742 vitae
437 701 505 742 snae
526 688 669 755 parceret,
691 683 772 740 luctu
792 686 821 739 et
834 696 965 738 maerore
980 679 1105 737 animum
1120 693 1203 750 carp-

73 783 157 841 sisse
180 786 211 839 et
234 782 391 854 ,imagines
412 781 549 853 defuncti,
572 797 644 851 quas
665 779 703 837 ad
722 779 851 837 habitum
872 779 919 836 dei
939 777 1039 836 Liberi
1059 776 1202 833 formave·

72 885 143 951 rat,
166 878 261 936 adfixo
283 879 402 936 servitio
422 875 534 935 'divinis
558 877 754 950 percolentem
768 875 925 934 honoribus
939 875 1001 948 ipso
1017 890 1080 932 sese
1095 872 1203 931 solacio

74 976 260 1038 cruciasse&
294 975 365 1033 Cum
385 980 483 1032 autem
501 974 672 1047 Thrasyllus
693 990 757 1032 eam
779 975 813 1032 de
835 973 942 1045 nuptiis
963 970 1115 1031 convenire
1137 986 1203 1028 coe·

75 1074 194 1147 pissat,
225 1073 357 1135 umbram
378 1072 538 1144 Tlepolemi
568 1087 620 1143 per
650 1086 780 1129 somnum
810 1070 838 1128 ei
864 1068 956 1127 visam
977 1069 1068 1126 totius
1088 1067 1205 1125 sceleris

74 1186 221 1229 scaenam
243 1171 271 1228 ei
290 1170 469 1244 patefecisse.
501 1170 563 1240 Quo
583 1174 722 1242 percepto
743 1168 896 1240 Thrasyllo
918 1183 981 1225 eam
1002 1181 1055 1239 per
1075 1181 1205 1224 somnum

79 1284 143 1327 acu
164 1269 323 1346 comatoria
344 1268 443 1326 oculos
463 1267 596 1326 effodisse
617 1271 648 1325 et
669 1271 729 1324 tnm
750 1266 806 1323 sibi
827 1265 920 1338 ipsam
934 1263 1095 1336 Tlepolemi
1109 1263 1205 1336 gladio

81 1370 215 1423 mortem
247 1365 430 1424 conscivisse.
475 1364 663 1438 Thrasyllum
688 1364 819 1421 omnibns
841 1361 964 1433 coguitis
985 1360 1062 1418 fame
1083 1365 1205 1418 mortem

79 1478 229 1535 quaerere
251 1463 442 1521 constituisse.

169 1561 262 1618 Recte
283 1560 393 1632 primus
413 1558 564 1617 admonuit
584 1559 728 1617 Maassius
749 1557 924 1614 Bacchicam
944 1556 1024 1613 illam
1045 1553 1205 1627 Tlepolemi

84 1657 247 1728 imaginem
279 1658 316 1715 ab
347 1656 497 1728 Euripidis
526 1655 690 1715 Protesilao
723 1655 760 1714 ad
788 1655 985 1726 Tlepolemum
1015 1652 1207 1724 Apuleianum

85 1754 266 1812 translatam
288 1769 350 1811 esse
371 1757 401 1811 et
422 1754 535 1811 omnino
557 1754 587 1810 in
607 1753 753 1825 plerisque
774 1753 849 1810 hanc
864 1751 973 1825 Apulei
994 1751 1122 1809 fabulam
1144 1765 1208 1808 cum

85 1850 253 1924 Euripides
284 1850 455 1908 consentire.
497 1848 658 1921 Utramque
689 1851 765 1907 enim
795 1849 986 1907 Laodamiam
1017 1853 1047 1906 et
1068 1846 1208 1906 Chariten

87 1965 199 2008 novam
220 1953 340 2021 nuptam
360 1948 535 2021 interempto
556 1948 660 2005 marito
681 1946 788 2005 mortui
809 1947 933 2018 imagine
954 1945 1107 2012 delectari,
1134 1945 1208 2002 utri·

88 2062 148 2118 que
179 2047 310 2118 coniugis
332 2049 462 2105 umbram
494 2063 649 2119 apparere,
682 2050 714 2104 ut
744 2062 820 2105 nova
840 2045 1025 2102 matrimonia
1044 2043 1208 2116 impediret,

89 2148 245 2214 utramque
266 2143 351 2203 fidem
371 2148 550 2203 servaturam
571 2148 693 2202 mortem
714 2143 771 2201 sihi
793 2143 979 2202 consciscere.
1010 2141 1099 2200 Patet
1113 2146 1208 2200 autem

92 2255 159 2300 mea
191 2242 305 2312 quidem
337 2243 482 2300 sententia
507 2242 664 2299 clarissime
686 2242 761 2299 hanc
781 2240 959 2313 Euripideae
980 2239 1095 2298 fabulae
1115 2239 1211 2297 imita·

92 2341 203 2398 tionem
229 2340 259 2396 in
280 2340 335 2396 hac
355 2343 467 2397 tantum
488 2338 596 2397 fabella
617 2340 799 2411 conspicuam
820 2353 893 2408 esse,
915 2354 989 2409 quac
1010 2341 1054 2394 est
1075 2337 1110 2395 de
1131 2336 1212 2395 Cha-

94 2438 172 2495 ritac
197 2441 304 2510 morte,
337 2438 369 2493 in
394 2437 540 2509 prioribus
561 2441 657 2495 autem
678 2453 714 2494 ne
735 2436 884 2494 minimum
904 2417 1018 2507 quidem
1039 2435 1100 2492 eius
1120 2435 1211 2493 vesti·

97 2535 176 2606 gium
196 2534 301 2607 detegi.
334 2535 434 2607 Neque
455 2534 539 2604 enim,
561 2538 594 2591 ut
613 2533 757 2592 Maassius
777 2534 878 2604 voluit,
899 2533 973 2600 ideo,
995 2532 1072 2605 quod
1093 2531 1211 2589 Charite

99 2631 159 2706 ipso
181 2633 351 2704 nuptiarum
372 2632 419 2690 die
439 2649 458 2689 a
478 2632 640 2690 latronibus
661 2632 813 2705 abripitur,
836 2637 916 2689 recte
937 2629 1102 2702 comparari
1116 2632 1212 2701 potest

98 2745 162 2786 cum
181 2729 350 2801 Laodamia,
372 2746 445 2801 quae
466 2733 495 2786 et
514 2730 579 2802 ipsa
599 2731 665 2802 post
685 2745 771 2788 unam
791 2734 904 2787 noctem
926 2732 956 2786 et
975 2726 1140 2785 rudimenta
1153 2723 1212 2785 Ve-

99 2827 176 2885 neris
197 2843 215 2884 a
235 2827 341 2884 marito
363 2843 413 2884 suo
435 2830 571 2899 separata
592 2827 644 2895 sit,
665 2826 787 2898 indeque
809 2824 941 2884 concludi
960 2824 1154 2882 Protesilaum
1176 2822 1213 2880 ab

98 2921 226 2997 Apuleio
248 2924 303 2982 hcc
324 2939 436 2996 quoque
456 2924 520 2981 loco
534 2929 696 2995 respectum
712 2940 782 2982 esse.
814 2924 893 2982 Nam·
903 2922 1065 2980 Laodamia
1079 2921 1214 2978 maritum

99 3037 179 3079 suum
211 3020 248 3077 ad
279 3021 385 3078 bellum
416 3020 575 3079 Troianum
606 3021 769 3093 profectum
800 3037 939 3092 nusquam
969 3026 1072 3092 postea
1103 3018 1212 3088 revisit,

101 3117 218 3175 Charite
239 3118 338 3189 paullo
359 3121 425 3191 post
445 3119 482 3175 ab
503 3119 566 3189 ipso
580 3116 745 3190 Tlepolemo
766 3134 866 3176 rursus
886 3118 1027 3175 liberatur
1046 3131 1110 3173 cum
1124 3130 1214 3185 eoque

99 3215 209 3287 nuptiis
230 3216 420 3288 coniungitur.
454 3217 543 3274 Immo
565 3232 628 3273 cnm
648 3215 824 3273 Laodamiae
845 3215 954 3287 nuptiis
975 3213 1133 3272 Protesilai
1147 3229 1213 3286 pro·

100 3313 226 3371 sectione
247 3318 396 3384 morteque
418 3313 567 3385 diremptis
587 3313 658 3380 sola,
680 3330 753 3385 quae
775 3313 804 3369 in
824 3314 887 3386 ipsa
908 3312 943 3370 de
963 3316 1056 3370 morte
1078 3310 1215 3369 Charitas

101 3409 200 3468 fabula
220 3412 356 3480 occurrit,
379 3411 547 3483 nuptiarum
562 3409 699 3468 Charitas
720 3411 893 3483 interruptio
914 3415 945 3468 et
965 3410 1029 3484 ipsa
1043 3408 1130 3467 caede
1145 3406 1215 3465 Tle-

101 3508 205 3579 polemi
227 3505 329 3566 effecta
349 3509 481 3581 componi
501 3508 572 3565 mihi
593 3524 678 3580 posse
700 3509 826 3567 videtur.
861 3509 923 3579 Quo
944 3510 1055 3566 statuto
1070 3506 1156 3564 facile
1169 3505 1218 3562 in-

101 3605 220 3678 telleges
240 3604 357 3664 fabulae
377 3605 555 3678 Euripidcae
577 3622 633 3677 qua
653 3607 766 3664 ratione
788 3610 904 3664 ceterae
924 3609 1023 3678 partes
1044 3604 1081 3662 ab
1095 3601 1217 3675 Apuleio

101 3701 156 3760 hac
176 3703 343 3760 narratione
358 3719 511 3775 expressae
525 3702 591 3775 sint,
616 3703 691 3774 quod
704 3708 783 3762 recte
796 3703 940 3760 Maassius
954 3702 1095 3775 exposuit,
1117 3700 1218 3759 eadem
1291 3750 1293 3754 .

102 3798 217 3856 initium
237 3800 268 3857 in
289 3799 373 3857 huius
393 3799 477 3857 initio
499 3805 663 3872 respectum
685 3816 754 3873 esse,
777 3799 827 3857 nbi
847 3800 1008 3872 Tlepolemi
1028 3815 1104 3856 mors
1124 3797 1218 3856 refer·

103 3901 159 3954 tur.
202 3896 283 3966 Quod
304 3897 329 3954 si
348 3912 450 3956 verum
470 3900 526 3968 est,
562 3913 598 3954 ex
618 3901 683 3954 tcta
704 3895 803 3954 fabula
824 3896 993 3969 Euripidea,
1015 3896 1090 3967 qnod
1111 3895 1148 3953 ad
1168 3894 1220 3951 illa

103 3994 203 4067 priora
227 3992 332 4052 referri
352 3994 457 4066 possit,
490 3993 621 4066 profecto
643 3994 716 4052 nihil
736 3995 794 4052 iam
815 3994 956 4066 reliquum
977 3997 1029 4053 est.
1076 3992 1220 4067 Exposuit

104 4096 260 4163 praetcrea
280 4092 422 4149 Maassius
443 4096 560 4163 praeter
580 4090 738 4150 Protesilai
758 4090 886 4148 fabulam
908 4090 1028 4149 eundem
1049 4091 1220 4163 scriptorem
