2752 4806
588 399 630 410 ..
677 331 780 427 3’..

132 556 255 628 primum
277 555 388 613 Graece
415 556 593 628 conscriptos
615 573 677 614 esse
699 562 729 614 et
750 557 850 628 editos,
872 557 974 616 deinde
999 559 1087 632 longo
1108 561 1246 633 temporis

132 653 284 710 interiecto
316 653 410 724 spatio
441 653 539 709 multis
571 653 691 710 mutatis
722 653 752 710 in
777 653 915 711 Latinum
945 671 1042 714 versos
1074 657 1185 715 censuit
1216 663 1247 716 et

131 750 284 807 novissime
299 748 476 822 Maassius,¹)
498 766 561 805 curn
575 748 698 807 Asinum
714 749 893 808 Luciancum
914 766 950 807 ex
964 751 1245 825 Metamorphosibus

130 845 304 917 Apuleianis
324 844 440 903 fluxisse
464 844 633 905 affirmavit.
669 846 771 904 Paullo
791 851 858 904 ante
873 847 1006 905 Rohdeus
1025 865 1138 920 quoque
1152 828 1244 909 denuo

130 942 216 1001 huius
236 943 411 1013 quaestionis
428 942 602 1000 mentionem
623 942 722 1000 iniecit
742 948 772 1001 et
791 942 914 1002 fidenter
937 944 1082 1017 professus
1101 951 1146 1003 est
1166 948 1245 1005 nulla

130 1056 166 1096 ex
185 1043 269 1112 parte
284 1040 446 1111 opinionem
460 1054 541 1096 suam
556 1055 619 1097 esse
632 1037 872 1115 labefactatam.²)
909 1038 1008 1111 Vides,
1022 1046 1131 1112 quanta
1144 1059 1244 1101 rursus

130 1142 195 1199 orta
216 1137 254 1193 sit
275 1135 404 1194 confusio
432 1140 462 1193 et
488 1136 626 1194 dissensio
648 1137 869 1206 sententiarum,
901 1137 945 1194 ita
970 1143 1003 1194 ut
1026 1154 1119 1210 neque
1140 1139 1244 1197 inutile

128 1234 262 1292 videatur
272 1249 364 1303 neque
374 1250 431 1292 nou
439 1238 631 1306 opportunum
642 1233 734 1292 denuo
745 1234 775 1290 in
786 1234 859 1290 hanc
869 1251 931 1291 rem
940 1233 1085 1304 inquirere
1096 1239 1182 1306 atque
1192 1236 1245 1293 illa

129 1332 251 1400 ratione,
276 1347 359 1402 quam
375 1330 591 1388 Goldbacherus
611 1331 743 1403 praeivit,
766 1331 863 1402 paullo
882 1330 995 1401 longius
1010 1330 1244 1401 progredientem

129 1431 276 1500 multoque
308 1429 470 1487 accuratius
496 1429 612 1500 singula
636 1429 846 1487 examinantem
871 1429 963 1486 anniti
994 1433 1024 1486 et
1048 1426 1187 1498 experiri,
1219 1429 1245 1485 si

129 1526 244 1584 tandem
267 1526 340 1584 certi
361 1525 429 1597 quid
448 1524 623 1584 inveniatur.
666 1523 752 1602 πείρᾳ,
765 1523 818 1600 θην
839 1522 926 1582 πάντα
946 1526 1068 1582 τελεῖται.

599 2004 723 2093 Caput
742 2005 765 2071 l.

210 2187 380 2256 Priusquam
401 2185 521 2244 adeam
542 2189 656 2257 partem
677 2184 853 2253 accedamus,
874 2199 948 2255 quae
968 2189 1013 2242 est
1027 2200 1137 2242 summa
1154 2186 1244 2244 totius

129 2283 341 2356 disputationis,
358 2286 391 2339 ut
404 2282 508 2356 Apulei
521 2282 792 2353 Metamorphoseou
802 2280 941 2351 Asinique
954 2281 1109 2349 ‚Lucisnei‘
1123 2281 1243 2342 diversi·

129 2387 206 2440 tates
236 2396 321 2452 quam
353 2380 573 2452 diligentissime
600 2394 809 2451 comparemus,
840 2377 937 2437 brevis
968 2376 1123 2451 disputatio
1155 2396 1243 2452 prae-

128 2479 270 2537 mittenda
291 2482 336 2536 est
357 2478 392 2536 de
414 2476 527 2548 Photii‚
561 2491 646 2547 quem
676 2491 763 2549 supra
783 2474 882 2544 citavi,
903 2475 982 2548 loco,
1013 2481 1046 2532 ut
1071 2475 1236 2550 intellegas,

132 2594 183 2635 cnr
203 2577 307 2635 idoneo
328 2575 379 2633 illo
400 2574 586 2633 fundamento
609 2572 652 2632 uti
672 2589 806 2644 nequeas.

207 2673 306 2733 Verba
335 2672 435 2732 Photii
464 2673 537 2730 haec
568 2676 635 2729 sunt
666 2671 711 2746 (in
732 2669 791 2728 cod.
822 2670 878 2728 129
906 2685 954 2742 pp.
978 2666 1036 2727 96¹³
1053 2671 1090 2728 12
1111 2669 1240 2746 Bekker)

130 2768 322 2846 „nepotata
344 2767 465 2828 Λουκίου
487 2767 616 2845 Πατρέως
637 2765 880 2844 μεταμορφώσεων
907 2764 980 2840 λόγοι
1010 2763 1142 2844 διάφοροι.
1188 2769 1242 2826 ἔστι
1348 2786 1352 2794 ’

127 2976 216 3045 spdter
239 2976 286 3027 mit
307 2973 449 3042 vielfoctea
470 2959 645 3042 dadacum
668 2971 724 3024 uod
752 2978 829 3024 etwas
856 2976 957 3023 erasto
979 2969 1097 3037 pedaltea
1123 2971 1150 3022 io
1169 2971 1242 3023 lutei·

129 3065 230 3118 nsoter
250 3063 428 3132 Bearbeitunp.
464 3061 517 3114 Dic
533 3060 688 3129 prteoldcte
707 3057 821 3126 Fassooq
838 3058 872 3111 ist
893 3058 1010 3110 valeres
1025 3073 1161 3127 pepoopea,
1180 3059 1241 3112 aber

129 3154 176 3206 der
195 3152 334 3205 Potriorct
353 3150 460 3204 Plotius
478 3151 517 3203 Ias
534 3151 570 3202 sic
587 3149 651 3201 noch
669 3149 703 3200 im
722 3145 747 3200 9.
765 3146 945 3199 Jatrtosdert
961 3145 1017 3197 und
1033 3161 1091 3198 mar
1109 3145 1241 3214 despoton

130 3242 267 3309 (diachono,
285 3240 345 3294 dass
364 3241 410 3293 der
429 3239 499 3293 Held
516 3240 563 3292 der
583 3237 745 3303 (derelictis,
770 3235 863 3288 Lucius
880 3251 930 3287 voa
951 3232 1045 3296 Patro,
1067 3233 1126 3285 weil
1146 3248 1175 3286 er
1194 3233 1241 3285 das

125 3347 207 3398 pause
224 3331 251 3381 ln
270 3329 318 3382 der
337 3335 421 3382 craten
434 3326 528 3380 Persou
546 3332 662 3392 corcram,
680 3324 746 3376 aueo
763 3322 881 3375 wirklict
899 3322 941 3373 ilr
960 3320 1091 3381 Verfasser
1108 3320 1151 3373 sei.
1187 3319 1241 3371 Eia

129 3419 235 3487 Aosaop
252 3435 300 3470 aas
318 3418 374 3470 dem
390 3416 562 3485 griechischen
582 3414 701 3482 Oripo'oal
720 3413 754 3465 ist
771 3428 819 3464 nos
836 3411 962 3463 zwmcteu
979 3409 1090 3462 Lucanos
1107 3405 1240 3475 Sclmften

97 3493 99 3497 Α
126 3512 201 3558 oster
214 3507 271 3559 deco
286 3505 353 3558 illel
369 3504 472 3571 ‚lactus
489 3504 552 3557 oder
570 3503 617 3555 der
630 3499 701 3554 Esel‘
715 3500 839 3566 arduitas,
858 3498 920 3551 aber
931 3496 1067 3551 aicdmlict
1078 3513 1127 3548 coo
1142 3495 1239 3547 Lacino

126 3593 196 3647 nicht
213 3593 387 3662 ooqefmtopt.“

140 3686 143 3691 '
171 3681 219 3749 ,¹)
237 3680 322 3734 index
343 3679 428 3736 schol.
446 3677 550 3748 Gryph.
572 3678 688 3747 lacessi
702 3691 729 3744 p.
747 3673 810 3729 XIV
829 3674 923 3727 annot.
941 3672 967 3729 Ξ.
1005 3668 1099 3738 „Quae
1116 3683 1180 3723 cum
1197 3668 1238 3723 ita

128 3770 184 3824 sint
201 3768 359 3838 ‚Lucianus‘
377 3769 470 3837 ipsum
486 3766 639 3836 Apuleium
657 3763 797 3832 respicere
814 3760 951 3818 uidetrr.“

198 3856 221 3926 ²)
239 3857 331 3912 noan.
350 3856 418 3911 Mas.
436 3860 485 3911 vol.
504 3856 548 3914 40.
567 3854 662 3923 (1885)
679 3872 707 3923 p.
727 3852 768 3907 91.
797 3850 925 3919 „scitalem
942 3850 976 3902 dot
993 3848 1075 3902 nictit
1092 3865 1126 3900 zu
1144 3848 1239 3900 maner

126 3947 251 4002 Kmotaia
270 3945 505 4015 solemnem-was
527 3945 593 3997 mich
621 3961 656 3995 aa
674 3942 744 3995 eiua
761 3938 920 4007 Acaderoop
943 3937 990 3989 der
1013 3935 1073 3988 dort
1094 3935 1133 4002 (io
1156 3935 1237 3995 libello

126 4053 198 4106 quesn
215 4054 243 4106 p.
261 4030 298 4088 13
311 4031 428 4101 nudavi)
445 4039 643 4101 vorgetroqcuen
662 4028 782 4098 Mciooop
799 4027 961 4082 vasonum
979 4021 1078 4168 kdanzc.
