2752 4806
590 381 790 443 „5-

132 579 240 634 Verum
261 580 323 634 tot-e
349 577 421 634 baec
441 575 572 646 quaestio
600 577 637 634 ad
663 581 793 634 nostrum
818 577 998 650 propositum
1018 577 1155 634 levissimi
1181 594 1250 635 sane

133 677 177 730 est
198 673 366 745 argumenti.
410 672 477 730 Sive
505 673 579 730 enim
602 674 638 730 ab
670 679 789 731 auctore
810 674 873 746 ipso
894 675 979 731 titulo
1013 674 1156 732 adiectum
1187 690 1249 732 esse

132 776 217 843 putas
227 769 299 826 illud
310 769 494 840 adiectivum,
518 769 577 827 sive
590 786 608 826 a
622 769 727 827 Photio
739 772 911 842 appositum,
934 772 988 828 boc
1004 771 1162 829 certissime
1184 771 1249 828 inde

132 866 262 936 sequitur
293 865 374 922 illum
406 865 491 922 Lucii
523 865 629 922 librum
664 867 811 925 variarum
844 869 1035 926 mutationum
1067 868 1250 927 narrationes

132 963 317 1022 continuisse.

209 1050 257 1118 De
278 1061 400 1131 singulis
421 1061 505 1118 huius
527 1061 707 1119 collectionis
728 1062 844 1119 fabellis
865 1063 920 1120 boc
937 1078 1024 1120 unum
1045 1063 1167 1120 Photius
1189 1078 1248 1118 me-

131 1157 240 1214 moriae
262 1156 393 1226 tradidit,
416 1157 487 1214 duos
509 1158 569 1214 eius
583 1158 695 1229 priores
715 1158 806 1216 libros
821 1158 939 1216 eandem
955 1159 1082 1217 fabulam
1104 1160 1248 1226 exhibere,

98 1253 101 1260 “
131 1271 204 1325 quae
226 1255 256 1310 in
277 1254 368 1311 Asino
389 1253 537 1312 Lucianeo
564 1259 731 1312 narraretur
752 1259 782 1311 et
808 1271 871 1311 oum
892 1255 943 1311 illo
968 1255 1006 1311 ad
1035 1255 1154 1313 verbum
1185 1255 1248 1311 fere

130 1353 295 1416 conciuere;
334 1350 407 1407 illud
443 1355 554 1408 tautum
591 1351 761 1409 discriminis
797 1351 938 1409 interesse
978 1352 1055 1409 iuter
1089 1353 1142 1409 hos
1178 1351 1249 1408 duos

132 1449 232 1517 libros,
261 1447 335 1518 quod
356 1447 500 1504 Lucienus
521 1463 556 1504 ex
577 1448 661 1506 Lucii
682 1449 786 1506 latiore
812 1450 979 1506 narratione
1000 1449 1149 1520 quaedam,
1175 1463 1249 1517 quae

131 1545 169 1602 ad
190 1560 326 1602 summam
349 1544 487 1601 historiae
501 1560 559 1601 non
579 1545 679 1615 magni
692 1545 829 1602 momenti
850 1550 954 1615 essent,
976 1545 1126 1602 omisisset.
1160 1542 1250 1600 Patet

130 1643 185 1700 lroc
208 1645 286 1699 certe
306 1641 409 1698 Photii
429 1640 567 1697 iudicium
588 1641 668 1698 nulla
689 1657 724 1697 ex
745 1645 829 1712 parte
843 1657 928 1712 posse
950 1639 1135 1707 labefactari;
1157 1656 1249 1710 neque

130 1739 205 1796 enim
227 1738 365 1795 credibile
400 1742 453 1794 est.
474 1737 670 1809 patriarcham
695 1737 834 1794 hocloco
863 1737 898 1794 de
918 1737 1062 1794 industria
1086 1737 1161 1794 falsa
1181 1752 1248 1808 pro-

129 1836 246 1903 tulisse,
280 1853 372 1907 neque
399 1840 496 1907 potest
521 1835 644 1907 cogitari
680 1835 788 1893 talibus
815 1835 850 1892 de
876 1834 975 1900 rebus,
1007 1841 1042 1891 ut
1066 1835 1101 1892 de
1133 1835 1248 1892 diverso

134 1933 284 2002 utriusque
305 1931 397 1988 libelli
412 1931 521 1989 ambitu
541 1939 629 2001 atque
650 1932 864 2003 compositione,
887 1947 956 2001 quas
976 1933 1178 2002 unusquisque,
1200 1932 1249 2001 qui

130 2044 180 2085 eos
200 2029 389 2101 perlegebat,
416 2015 649 2086 animadvertere
671 2034 700 2086 et
720 2029 817 2101 potuit
838 2033 868 2086 et
889 2028 1000 2094 debuit,
1026 2027 1100 2086 falso
1122 2045 1186 2085 eum
1207 2029 1249 2085 iu·

130 2125 251 2184 dicasse.
301 2124 398 2197 Quare
417 2125 541 2182 fidenter
561 2124 622 2182 siue
645 2125 731 2182 dubio
753 2126 782 2182 in
804 2126 998 2198 disputatione
1019 2131 1131 2196 nostra,
1163 2141 1248 2195 quam

129 2222 305 2279 instituimus
337 2221 372 2279 de
403 2221 488 2278 Lucii
514 2220 663 2279 Patrensis
688 2223 825 2294 opusculo
856 2224 904 2280 vel
933 2223 1040 2280 rectius
1070 2222 1106 2280 de
1138 2222 1248 2280 duobus

133 2320 196 2376 cius
218 2318 301 2376 libris
322 2318 474 2390 prioribus,
497 2350 535 2359 —
549 2334 615 2374 nam
638 2319 673 2376 de
693 2320 813 2390 reliquis
834 2319 979 2392 explorari
999 2319 1071 2376 nihil
1092 2323 1188 2391 potest
1209 2351 1247 2360 —

128 2416 165 2474 ab
197 2417 251 2473 hoc
280 2416 342 2473 loco
378 2412 521 2488 proficisci
552 2416 711 2488 poterimus
746 2433 836 2486 eoque
867 2417 931 2475 uiti.
984 2415 1095 2474 Contra
1126 2400 1246 2489 reliqua,

131 2530 206 2585 quae
235 2513 369 2585 exposuit
389 2512 511 2570 Photius
538 2512 574 2570 de
595 2514 697 2571 borum
722 2513 861 2571 librorum
886 2514 985 2572 ordine
1006 2520 1036 2570 et
1062 2515 1181 2572 consilio
1203 2515 1247 2573 di·

132 2628 225 2682 verso,
249 2626 322 2680 quae
343 2627 400 2669 non
422 2627 458 2667 ex
471 2609 541 2681 ipsis
562 2610 645 2667 libris
659 2610 830 2682 simpliciter
851 2611 1019 2682 depromere
1039 2610 1175 2683 potuerit,
1197 2612 1248 2669 sed

132 2710 312 2780 cogitatione
338 2714 368 2766 et
392 2708 499 2766 iudicio
530 2713 644 2766 tantum
670 2709 797 2778 assequi,
828 2709 915 2766 facile
942 2713 1037 2781 potest
1058 2709 1247 2767 demonstrari

129 2807 224 2864 omnia
244 2806 343 2878 inepta
364 2821 425 2863 esse
447 2810 475 2862 et
496 2804 607 2862 futtilia
628 2809 658 2862 et
678 2822 796 2878 prorsus
818 2805 978 2864 abicienda.

209 2905 252 2960 Ac
277 2903 403 2974 primum
424 2902 539 2972 quidem
565 2902 601 2960 de
626 2903 728 2960 ordine
753 2904 855 2960 horum
881 2903 1020 2961 librorum
1045 2920 1076 2961 se
1102 2904 1195 2975 ipsum
1216 2905 1246 2960 in

132 3001 219 3057 dubio
249 2998 338 3057 fuisse
374 3003 515 3068 testatur,
552 3015 616 3056 cum
648 2999 720 3057 dicit
750 3000 821 3057 ἐὀικε
852 2998 881 3056 δὲ
912 3002 1015 3074 μᾶλλον
1047 2999 1061 3056 ὁ
1093 2996 1247 3063 Λουκιανὸς

129 3095 327 3172 μεταγράφοντι
348 3094 411 3152 ὅσον
434 3094 556 3161 εἰκάζειν.
583 3093 622 3159 τίς
642 3117 692 3172 γαρ
714 3095 806 3174 χρόνῳ
832 3095 1018 3174 πρεσβύτερος,
1046 3094 1122 3154 οὔπω
1144 3098 1245 3174 ἔχομεν

128 3196 234 3267 γνῶναι.
274 3194 315 3250 At
344 3197 443 3250 tamen
472 3193 610 3251 facillime
635 3194 710 3250 hanc
735 3194 932 3263 quaestionem
960 3211 994 3251 ex
1026 3211 1078 3251 sua
1104 3195 1246 3252 sententia

127 3291 264 3349 Photium
294 3291 405 3348 solvere
441 3290 587 3364 potuisse,
625 3291 775 3349 dummodo
806 3292 930 3363 parvula
961 3292 1148 3350 meditatione
1179 3309 1245 3350 usus

129 3393 212 3459 esset,
234 3393 315 3445 recte
336 3388 444 3460 primus
466 3388 599 3459 exposuit
618 3387 773 3446 Oouricrus
794 3395 915 3461 postque
937 3404 1002 3446 eum
1015 3387 1242 3462 Goldbacherus.

129 3485 200 3542 Cum
221 3485 297 3543 enim
310 3484 432 3543 Lucium
447 3483 619 3542 Patrensem
640 3500 740 3542 verum
761 3485 839 3542 illius
860 3485 1011 3556 scriptoris
1031 3501 1134 3542 nomen
1154 3483 1244 3544 fuisse

128 3585 252 3654 putaret,
274 3582 404 3653 idemque
425 3597 528 3640 nomen
549 3582 580 3639 in
593 3582 715 3640 Luciani
737 3583 873 3655 opusculo
894 3598 992 3640 rerum
1007 3583 1099 3640 actori
1121 3581 1244 3641 inditum

128 3695 191 3736 esse
216 3678 343 3745 videret,
374 3679 441 3737 inde
467 3677 545 3736 effici
575 3695 692 3737 necesse
717 3686 781 3736 erat
806 3679 929 3736 Lucium
960 3679 1052 3751 prius,
1085 3679 1244 3737 Lucienum

128 3775 272 3847 posterius
292 3774 421 3833 libellum
442 3790 524 3833 suum
546 3775 702 3848 scripsisse.
749 3775 889 3846 Neglexit
909 3780 1005 3834 tamen
1031 3777 1104 3835 hanc
1124 3778 1244 3836 ratioci-

129 3955 262 4012 Conferas
276 3955 371 4028 Λόγγου
389 3961 440 4007 τῶν
459 3954 524 4008 κατὰ
536 3955 628 4030 Δάφνιν
642 3949 684 4010 καὶ
697 3958 787 4029 Χλόην
801 3958 871 4030 λόγον.
884 3956 909 4010 δ’
924 3957 969 4013 νθΙ
979 3957 1141 4032 Ἡλιοδώρου
1156 3953 1255 4013 Attea--

127 4049 206 4096 πικῶν
227 4039 333 4116 βιβλίαί
349 4045 395 4101 vel
407 4045 550 4098 Λουκιανοῦ
564 4044 679 4118 ἀληθοῦς
698 4040 809 4118 ἱστορίας
832 4045 907 4118 λόγος
926 4049 943 4098 d
963 4062 977 4134 β
996 4047 1062 4103 alia.
