2752 4806
520 364 739 427 ..29-

69 557 228 629 glutinatos
254 573 324 614 esse.
366 554 451 614 Unde
476 557 546 614 satis
571 554 693 614 fidenter
712 557 850 628 conicias,
885 556 958 614 hanc
982 557 1097 615 aliunde
1123 573 1185 615 esse

70 659 256 726 assumptam,
278 654 345 711 illos
359 653 395 711 ad
409 654 503 726 ipsum
516 653 624 712 fontem
639 654 806 727 primarium
826 654 929 725 redire,
951 654 1048 724 inquo
1070 654 1184 725 quidem

68 756 135 824 post
161 751 228 809 illos
259 751 334 808 aliae
356 751 496 821 quaedam
527 750 562 807 de
588 750 674 808 rebus
698 751 819 822 magicis
845 735 943 823 paullo
971 757 1037 808 ante
1058 751 1185 825 Hypatis

69 849 156 907 factis
181 849 362 906 narrationes
389 849 543 906 adiunctae
568 847 676 905 fuerint
697 848 738 904 eis
762 846 886 906 fortasse
907 849 1028 920 similes,
1061 850 1184 918 quaein

70 946 166 1018 capite
188 960 264 1003 nono
286 944 430 1018 Apuleius
451 944 536 1003 affert
557 945 592 1003 de
612 944 729 1003 Maroae
751 945 865 1016 magica
884 947 1024 1019 potentia.

150 1042 233 1101 Idem
249 1047 345 1100 autern
360 1043 395 1101 de
409 1042 499 1100 fontis
514 1043 680 1100 narratione
695 1060 730 1100 ex
745 1043 841 1100 altera
861 1059 972 1114 qnoque
986 1047 1069 1116 parte
1084 1042 1184 1114 colligi

68 1144 165 1214 potest
187 1139 326 1209 ‚Luciani‘
353 1140 448 1212 eapite
469 1140 561 1212 primo
583 1141 756 1199 examinato.
796 1139 969 1198 Rectissime
991 1140 1067 1196 enim
1087 1144 1184 1197 monet

70 1238 286 1297 Goldbacherus
307 1236 348 1295 ibi
370 1254 480 1308 quoque
501 1253 604 1310 magna
630 1237 764 1295 molestia
788 1237 855 1295 illos
881 1237 1017 1295 comitum
1038 1252 1183 1296 sermones

69 1335 239 1405 desiderari,
262 1335 363 1404 quibus
384 1334 531 1407 aptissime
552 1335 591 1404 ei,
624 1336 674 1406 qui
694 1336 809 1406 legant,
835 1339 1047 1407 praeparentur
1072 1333 1110 1391 ad
1139 1351 1181 1406 ea,

69 1449 143 1503 quae
168 1438 269 1504 postea
294 1432 402 1490 Lucius
432 1438 534 1490 narret
558 1433 593 1490 de
619 1449 671 1490 sua
701 1434 790 1504 ipsius
822 1430 1084 1489 transformatione.
1127 1432 1183 1490 Sed

69 1530 160 1588 multo
181 1529 297 1600 gravius
317 1529 391 1587 illud
416 1529 544 1598 videtur,
577 1531 661 1601 quod,
693 1530 749 1586 nisi
769 1529 820 1586 illa
841 1528 999 1601 praemissa
1026 1531 1101 1597 sunt,
1127 1545 1183 1586 non

71 1626 269 1697 cognoscitur,
301 1627 375 1683 unde
395 1627 498 1683 mirum
519 1627 604 1684 Lucii
623 1626 753 1698 portenti
773 1625 895 1683 alicuius
914 1624 1042 1698 Hypatis
1072 1625 1184 1683 visendi

69 1724 195 1781 studium
221 1729 315 1781 ortum
331 1724 376 1781 sit.
418 1723 519 1794 Neque
538 1723 692 1794 quidquam
707 1727 809 1781 contra
823 1721 945 1794 protulit
961 1721 1104 1778 Kuautins
1120 1738 1182 1779 curn

68 1821 142 1878 haec
153 1821 233 1879 dicit:
275 1819 352 1894 „Sed
367 1836 537 1891 quamquam
552 1820 694 1880 viatorum
705 1819 882 1877 sermonibus
893 1823 959 1890 apte
971 1835 1034 1876 eam
1045 1820 1183 1877 insertam

34 1955 37 1961 ·
70 1933 131 1976 esse
159 1923 189 1974 et
218 1918 264 1976 his
286 1918 481 1989 similibusque
505 1917 717 1977 narrationibus
737 1917 822 1975 Lucii
848 1917 971 1975 animum
993 1917 1029 1974 ad
1053 1917 1183 1989 portenti

70 2015 191 2073 ahenius
205 2015 316 2074 visendi
338 2016 524 2089 cupiditatem
545 2016 632 2074 facile
651 2015 767 2072 incitari
787 2031 871 2086 posse
892 2014 1103 2084 confitebimur,
1126 2030 1183 2085 que

69 2111 262 2171 infiammatus
287 2113 454 2170 aLueiano
480 2112 681 2178 introducitur,
706 2117 803 2169 tamen
824 2128 859 2169 ex
880 2112 925 2169 his
944 2112 1077 2184 intellegi
1097 2127 1182 2183 posse

69 2210 239 2283 negabimus
251 2211 409 2268 Lucienum
420 2211 545 2269 auctoris
556 2212 634 2269 illius
648 2210 797 2268 Patrensis
806 2210 895 2267 libros
906 2211 1084 2282 epitomasse.
1106 2208 1182 2269 Nam

69 2309 95 2366 si
115 2307 179 2379 quis
203 2307 351 2379 putaverit
376 2324 492 2366 necesse
512 2307 599 2366 fuisse
620 2307 732 2366 fabulas
758 2307 940 2380 prodigiosas
965 2309 1122 2380 interponi,
1149 2312 1182 2364 ut

68 2405 145 2463 unde
156 2409 234 2462 mota
244 2407 282 2463 sit
293 2406 367 2462 mira
377 2406 487 2463 iuvenis
498 2405 648 2478 cupiditas,
655 2406 795 2463 certiores
804 2405 945 2470 fieremus,
957 2422 1009 2477 ego
1017 2407 1104 2462 talem
1116 2422 1182 2462 cau·

66 2519 129 2561 sam
140 2501 249 2561 adferri
261 2520 332 2574 opus
342 2519 399 2559 non
409 2503 634 2571 fuissedixerim,
646 2519 709 2560 cum
721 2503 887 2560 Thessaliae
898 2502 1033 2566 mulieres
1044 2503 1101 2559 iam
1113 2507 1180 2559 ante

65 2599 192 2658 Luciani
203 2605 327 2658 aetatem
338 2604 448 2657 tantam
461 2601 532 2658 artis
544 2601 673 2672 magicae
683 2599 790 2657 famam
801 2600 923 2671 adeptae
935 2603 1037 2671 essent,
1049 2603 1081 2656 ut
1091 2599 1181 2658 homi·

65 2699 162 2754 neuin
175 2697 249 2754 hanc
260 2702 368 2754 terram
379 2695 593 2770 proficiscentes
604 2698 664 2755 eius
678 2699 775 2770 ignari
787 2714 847 2756 esse
859 2714 917 2755 non
930 2699 1079 2769 possent.“
1102 2698 1182 2755 Haec

66 2796 165 2853 omnia
185 2795 216 2852 in
236 2796 398 2853 universum
419 2801 498 2854 recte
523 2797 696 2868 disputavit,
728 2797 823 2854 omisit
844 2800 941 2854 tamen
962 2796 993 2852 id
1013 2795 1089 2866 quod
1110 2812 1180 2867 gra-

65 2893 215 2950 vissimum
236 2898 289 2958 est,
310 2909 428 2951 curnam
440 2892 568 2965 Hypatis
581 2893 760 2964 potissimum
773 2909 804 2950 se
819 2892 927 2964 aliquid
941 2893 1048 2963 magici
1066 2897 1179 2964 specta-

65 2996 167 3048 turum
187 3006 248 3048 esse
268 2990 376 3049 Lucius
397 2990 557 3062 speraverit
577 2991 717 3061 ideoque,
749 3005 919 3062 quamquam
940 2990 1016 3062 apud
1036 2991 1180 3063 hospitem

65 3102 187 3146 avarum
209 3089 236 3146 ei
257 3087 466 3147 deversandum
486 3092 562 3157 erat,
585 3093 682 3146 tamen
703 3088 802 3145 statim
826 3093 886 3145 tres
907 3088 953 3146 vel
975 3089 1097 3159 quinque
1119 3088 1179 3146 dies

64 3187 141 3243 hanc
162 3186 252 3243 solam
274 3186 309 3242 ob
331 3201 446 3243 causam
466 3186 507 3242 ibi
527 3202 676 3244 remanere
697 3185 842 3243 statuerit.
884 3185 961 3244 Nam
982 3190 1085 3257 aperte
1106 3187 1179 3244 haec

66 3282 234 3341 dictasunt
264 3283 295 3340 in
315 3283 418 3355 eapitis
439 3283 560 3341 linitio
583 3280 737 3357 ἐπεθύμουν
759 3281 788 3339 δὲ
814 3281 917 3358 σφόδρα
943 3281 1035 3357 μείνας
1062 3282 1178 3341 ἐνταῦθα

66 3379 184 3458 ἐξευρεῖν
225 3402 282 3437 τινα
316 3383 371 3437 τῶν
410 3379 535 3455 μαγεύειν
571 3378 754 3454 ἐπισταμένων
785 3382 917 3453 γυναικῶν
953 3379 998 3437 καὶ
1027 3378 1181 3437 θεάσασθαί

64 3499 91 3535 τι
114 3475 267 3553 παράδοξον
298 3476 316 3553 ἢ
346 3477 495 3553 πετόμενον
527 3475 671 3555 ἄνθρωπον
701 3476 719 3554 ἢ
751 3475 920 3552 λιθούμενον.
962 3477 1039 3536 Nam
1065 3478 1090 3534 si
1115 3477 1178 3535 sola

65 3579 135 3632 nota
166 3574 399 3634 Thessalicamm
432 3577 583 3634 mulierum
609 3575 687 3634 fama
721 3575 805 3632 Lucii
837 3575 895 3632 ista
935 3575 1077 3646 cupiditas
1112 3579 1177 3632 orta

66 3677 158 3742 esset,
191 3688 308 3731 curnam
328 3674 457 3746 Hypatis
479 3690 542 3732 eam
563 3675 598 3732 ob
619 3689 733 3731 eausam
757 3671 896 3729 remansit
922 3687 1014 3743 neque
1041 3671 1177 3730 Larissae

66 3786 191 3842 quoqne,
225 3786 279 3841 quo
304 3776 406 3843 postea
429 3772 457 3828 ei
480 3771 714 3843 proficiscendum
738 3774 802 3828 erat
822 3769 898 3844 (cap.
929 3770 988 3844 ll),
1020 3769 1078 3826 tale
1110 3769 1177 3840 quid

65 3868 121 3926 sibi
146 3883 330 3926 occursurum
351 3884 413 3926 esse
434 3866 630 3941 exspectavit?
670 3868 771 3938 Neque
798 3867 873 3924 enim
899 3882 952 3938 per
979 3881 1009 3923 se
1040 3866 1177 3924 credibile

66 3969 124 4035 est,
153 3964 289 4023 mulieres
313 3965 495 4024 Larissenses
528 3966 592 4024 aliis
628 3965 801 4024 Thessalicis
831 3963 998 4021 mulieribus
1028 3964 1058 4020 in
1085 3963 1177 4034 iisque
