2714 4808
525 430 737 492 ..51..

74 628 164 697 caput
185 625 204 682 9
225 638 290 681 cum
316 621 456 687 ,Luciani‘
483 622 531 678 41.
571 619 661 692 Apud
692 622 768 679 hunc
803 602 898 680 omnia
929 635 998 678 sano
1026 619 1126 677 ordine
1152 621 1189 678 ab

73 720 159 778 initio
180 734 269 790 usque
290 718 327 776 ad
347 715 433 775 finem
453 717 585 790 exposita
605 721 684 783 sunt,
712 718 918 790 cumprimum
939 716 1039 775 Gallos
1060 716 1188 789 phialam

77 803 190 874 furatos
224 830 286 873 esse
316 829 501 886 paganosque
532 829 580 871 eos
612 818 779 884 persecutos
807 815 989 886 phialamque
1019 813 1188 885 repetivisse

76 916 226 971 narratum
256 911 303 980 sit,
334 909 439 968 deinde
470 924 527 980 qua
556 909 669 967 ratione
695 910 773 968 Galli
797 909 867 968 furti
893 910 1015 969 convicti
1042 913 1072 968 et
1096 911 1191 982 puniti

78 1012 185 1077 essent,
206 1006 360 1065 adiectum.
401 1005 509 1077 Apulei
530 1010 631 1063 contra
650 1008 779 1064 narratio
800 1008 922 1066 obscura
943 1012 989 1065 est
1009 1012 1040 1064 et
1060 1007 1189 1078 confusa,

76 1120 142 1163 oum
166 1103 289 1176 incipiat
313 1120 336 1160 a·
357 1102 458 1161 mediis
482 1103 581 1171 rehus,
613 1102 725 1161 scilicet
744 1103 817 1161 furti
836 1104 1063 1173 insimulatione,
1094 1120 1187 1175 neque

75 1206 162 1259 antea
188 1198 260 1257 furti
279 1199 370 1272 ipsius
396 1214 626 1271 paganorumque
653 1201 861 1273 persecutionis
884 1201 992 1259 mentio
1013 1201 1122 1259 iniecta
1142 1202 1190 1260 sit.

74 1296 166 1355 Patet
189 1296 278 1368 igitur
299 1300 366 1368 post
386 1296 522 1354 fabellam
543 1296 676 1368 aliquam,
699 1312 785 1367 quam
805 1297 944 1369 Apuleius
964 1296 1041 1354 solus
1062 1297 1187 1362 exhibet,

75 1393 226 1466 proximae
251 1393 425 1450 narrationis
450 1392 562 1450 initium
588 1392 624 1451 ah
650 1409 683 1451 eo
705 1394 840 1452 omissum
865 1407 927 1450 esse
949 1396 978 1449 et
998 1408 1017 1448 a
1038 1393 1186 1461 ,Luciauo‘

75 1490 137 1549 solo
168 1494 248 1547 recte
278 1493 431 1548 serratum.
473 1486 562 1547 Cuius
596 1491 640 1547 rei
670 1490 831 1561 exemplum
862 1489 986 1546 alterum
1017 1489 1075 1547 iam
1099 1505 1187 1562 supra

74 1586 329 1659 deprehendimus,
351 1592 500 1660 cumpost
526 1586 655 1660 Psychae
679 1586 806 1645 fabulam
832 1587 970 1646 insertam
989 1588 1184 1657 insequentem

74 1683 273 1741 narrationem
302 1680 446 1755 Apuleius
476 1683 622 1741 mutilasse
652 1684 732 1742 visus
766 1684 805 1741 sit
839 1682 889 1758 (cf.
921 1700 950 1756 p.
980 1683 1042 1758 40).
1089 1682 1188 1755 Atque

80 1780 165 1838 utin
185 1780 247 1849 iila,
268 1779 311 1838 sic
330 1781 377 1838 hic
398 1796 510 1852 quoque
529 1796 586 1837 non
600 1781 687 1838 aliter
706 1780 742 1838 de
762 1780 818 1839 hac
831 1797 863 1839 re
876 1780 1005 1839 iudicare
1018 1781 1186 1852 poterimus,

75 1877 135 1935 nisi
165 1892 201 1934 ca
231 1876 266 1934 de
287 1892 375 1934 causa
395 1893 459 1935 eum
479 1877 551 1935 illud
571 1877 656 1936 Luoii
675 1877 824 1936 exordium
844 1879 1085 1950 praetermisisse,
1114 1877 1189 1948 quod

77 1973 168 2031 aliam
188 1971 314 2031 fabulam
339 1972 376 2031 ah
396 1974 447 2032 illo
468 1974 592 2032 alienam
611 1975 833 2047 anteposuisset.

157 2071 281 2128 Restant
301 2071 372 2142 iam,
393 2075 427 2128 ut
446 2076 509 2130 tota
530 2071 629 2129 fabula
648 2076 858 2143 pertractetur,
884 2088 918 2130 ea
939 2072 1016 2143 sola,
1044 2087 1118 2142 quae
1145 2087 1190 2129 se·

77 2171 205 2238 quuntur
230 2170 296 2238 post
316 2168 398 2224 Asini
425 2173 513 2240 caput
532 2170 579 2227 45.
614 2167 712 2240 Atque
732 2170 865 2242 proxima
885 2185 974 2240 usque
994 2168 1032 2226 ad
1053 2167 1126 2226 asini
1146 2183 1190 2224 ren

76 2262 278 2322 formationem
298 2263 336 2322 ab
355 2268 474 2335 utraque
496 2267 636 2338 scriptore
657 2267 801 2325 simillime
821 2270 941 2324 narrata
954 2270 1028 2324 suut.
1062 2264 1187 2323 Inseruit

79 2375 181 2418 rursus
201 2360 341 2432 Apuleius
361 2361 433 2419 duas
452 2360 573 2420 fabellas
593 2364 622 2420 X
636 2365 733 2420 2-13
756 2368 785 2420 et
807 2364 924 2421 22-28
946 2379 1010 2420 cum
1023 2362 1097 2420 asini
1118 2361 1190 2419 casi-

79 2456 134 2515 bus
154 2473 211 2516 non
232 2457 417 2516 cohaerentes
438 2464 468 2516 et
488 2463 655 2529 argumento
669 2459 730 2531 tali,
753 2463 786 2516 ut
800 2458 835 2516 de
849 2459 987 2516 ambabus
1000 2461 1079 2515 recte
1094 2457 1189 2514 dicere

78 2553 210 2626 potuerit
235 2553 387 2626 Apuleius,
415 2553 489 2625 quod
514 2555 600 2612 adteri
624 2554 774 2627 praemisit
794 2555 822 2612 X
843 2556 861 2612 2
885 2554 959 2623 ,ism
984 2569 1066 2626 ergo,
1099 2552 1191 2610 lector

80 2650 206 2722 optimc,
237 2651 309 2709 scito
337 2655 367 2708 te
391 2650 570 2723 tragoediam
595 2668 652 2710 non
676 2651 804 2710 fabulam
831 2653 930 2724 legere
954 2656 985 2709 et
1010 2667 1028 2709 a
1048 2666 1131 2708 socco
1152 2648 1190 2708 ad

79 2747 251 2805 cothurnum
281 2747 461 2807 ascendere.“
505 2749 600 2819 Quare
624 2763 682 2808 nou
702 2753 798 2821 potest
818 2748 958 2816 dubitari,
990 2748 1059 2820 quin
1083 2745 1186 2806 amhae

82 2840 261 2915 ahApuleio
283 2844 413 2903 adiectae
434 2845 500 2903 sint.

163 2939 309 3009 Quomodo
331 2940 438 2999 Lucius
458 2941 631 3000 reformatus
652 2932 713 3013 sit,
726 2943 850 3014 quidque
870 2948 937 3015 post
956 2941 1190 3000 reformationem

80 3035 203 3107 gesserit
233 3035 396 3107 ,Lucienus‘
428 3037 620 3110 Apuleiusque
662 3039 853 3098 diversissime
900 3039 1074 3098 describunt.
1136 3037 1192 3096 Ille

81 3131 158 3189 enim
170 3137 274 3190 narrat
291 3133 402 3190 asinum
416 3134 446 3192 in
459 3134 573 3193 theatro
588 3152 651 3193 cum
664 3136 783 3194 muliere
802 3136 937 3194 damnata
954 3137 1095 3194 coiturum
1114 3135 1192 3192 inter

80 3226 182 3286 florum
202 3228 308 3287 decora
328 3246 407 3289 rosas
421 3231 659 3290 animadvertisse
679 3233 793 3304 illisque
815 3232 914 3291 statim
927 3232 1055 3306 depastis
1075 3232 1144 3290 ilico
1159 3232 1188 3288 in

80 3324 209 3396 priorem
230 3325 354 3385 Lucium
374 3328 611 3388 transformatum
631 3345 700 3389 esse.
742 3329 869 3402 Cumque
893 3334 1069 3402 spectatores
1093 3327 1191 3386 haesi-

79 3426 205 3489 tassent,
231 3427 327 3481 utrum
352 3439 415 3482 eum
440 3429 475 3482 ut
495 3440 610 3496 magum
630 3431 660 3483 et
679 3425 836 3484 veneficum
861 3426 959 3484 statim
986 3427 1191 3484 comburerent

78 3533 118 3576 an
144 3524 357 3593 exspectarent,
385 3521 451 3592 quid
476 3522 511 3580 de
532 3522 586 3580 hac
606 3523 680 3580 mira
704 3523 957 3583 transformatione
977 3523 1040 3596 ipse
1061 3522 1191 3580 dicturus

78 3618 166 3686 esset,
186 3616 308 3674 Lucium
329 3633 348 3675 a
360 3618 501 3690 praeside,
523 3618 572 3689 qui
585 3619 690 3692 hospes
704 3620 765 3677 eius
778 3626 917 3692 paternus
931 3625 1004 3684 erat.
1027 3618 1189 3677 absolutum

78 3726 144 3770 esse
175 3714 260 3770 etin
285 3714 376 3786 ipsius
401 3713 515 3772 domum
539 3714 700 3773 deductum.
742 3716 817 3774 Tum
842 3731 928 3787 quam
954 3714 1102 3774 celemime
1122 3730 1188 3771 enm

79 3808 286 3868 domuitionem
306 3826 437 3883 parasse,
464 3815 551 3870 autea
575 3816 673 3870 tamen
700 3812 883 3871 constituisse
906 3813 966 3870 iam
989 3817 1023 3869 ut
1046 3812 1190 3869 hominem

79 3906 209 3965 revisere
241 3907 391 3965 mulierem
419 3908 512 3980 illam,
545 3924 619 3980 quae
648 3924 713 3966 cum
739 3910 820 3967 asino
845 3910 1046 3969 concubuerat.
1086 3909 1190 3978 Aqua

79 4002 242 4060 miserrime
267 4007 425 4062 tractatum
449 4010 565 4076 postero
592 4005 638 4063 die
663 4021 766 4064 nauem
791 4005 990 4065 conscendisse
1014 4010 1044 4063 et
1064 4003 1188 4064 secundo

60 4091 165 4160 'vento
195 4100 278 4160 brevi
307 4101 337 4159 in
362 4102 488 4174 patriam
512 4104 665 4164 revenisse.
706 4101 830 4162 Prorsus
857 4103 915 4162 alia
935 4104 1020 4162 affert
1040 4102 1188 4174 Apuleius

998 4195 1032 4252 4*
