2752 4806
574 405 794 466 -11—

128 596 300 674 μορφώσεων
322 596 434 672 ldposff)
465 597 585 654 Duobus
606 596 750 668 prioribus
771 597 832 654 eius
853 596 935 655 libris
957 597 1077 654 eandem
1099 614 1159 655 rem
1174 614 1241 656 nar·

126 700 222 752 ratam
244 711 307 752 esse
327 699 414 766 atque
434 695 465 750 in
485 693 577 751 Asino
593 694 758 764 ‚Lucisneo‘
778 694 821 752 ita
834 699 939 766 tamen,
962 699 995 750 nt
1008 694 1131 752 historia
1144 695 1241 767 paullo

126 793 216 849 latior
235 797 267 849 et
285 789 376 849 fusior
397 796 482 862 esset,
505 796 536 849 et
554 791 696 848 nonnulla
716 791 840 859 adiecta,
862 807 935 862 quae
951 808 1013 848 cum
1027 791 1114 849 Lucii
1128 793 1241 850 casibus

127 905 185 946 non
205 894 265 946 tam
287 893 351 946 arte
372 888 570 946 cohaererent.
602 886 691 945 Patet
710 887 777 944 hinc
798 887 833 945 de
853 887 956 944 horum
970 887 1088 945 duorum
1100 887 1241 945 librorum

126 983 292 1057 Apuleique
313 984 585 1055 Metamorphoseon
617 983 716 1041 ordine
746 984 820 1041 nihil
851 984 923 1041 certi
954 1000 1006 1042 nos
1033 1000 1117 1055 posse
1138 985 1243 1042 elicere

126 1081 247 1152 ideoque
277 1082 335 1138 iam
362 1082 399 1139 ad
431 1098 494 1139 eam
519 1082 596 1138 viam
617 1080 757 1151 relegari,
789 1096 874 1151 quam
895 1096 982 1152 supra
1002 1081 1177 1152 significavi,
1210 1086 1243 1139 ut

127 1179 219 1236 Asino
232 1179 396 1248 ‚Lucianco‘
408 1178 748 1250 Metamorphosibusque
761 1176 931 1249 Apuleianis
952 1177 1109 1249 diligenter
1130 1194 1242 1250 compa·

125 1276 198 1333 ratis
219 1275 322 1333 saltem
338 1274 372 1331 de
387 1274 500 1332 ratione
520 1275 598 1331 inter
616 1274 669 1331 hos
684 1274 755 1332 duos
768 1274 859 1331 libros
874 1274 1028 1346 conspicua
1041 1273 1153 1331 firmum
1168 1275 1243 1333 iudi-

128 1372 204 1429 cium
218 1370 295 1429 ferre
309 1372 458 1444 possimus.
489 1371 565 1429 Nam
579 1372 613 1429 de
626 1371 680 1429 hac
694 1387 806 1442 quoqne
826 1388 859 1430 re
881 1372 1074 1430 diversissime
1086 1372 1243 1431 iudicatum

128 1475 187 1538 est,
219 1485 283 1526 cum
314 1469 365 1526 alii
388 1469 543 1540 Apuleium
565 1468 762 1527 narrationem
784 1485 864 1526 suam
887 1485 922 1526 ex
944 1463 1093 1539 ‚Lucieno‘
1114 1471 1243 1528 hausisse

128 1566 304 1638 putaverint,
328 1565 379 1624 alii
400 1565 560 1623 Lucianum
593 1582 628 1623 ex
646 1565 784 1639 Apuleio,
809 1567 859 1624 alii
879 1571 1032 1638 utrumque
1053 1567 1182 1625 libellum
1208 1584 1244 1625 ex

128 1662 269 1720 communi
291 1661 379 1721 fonte.

600 2114 784 2201 CapntlL

211 2290 296 2349 Lucii
326 2291 355 2348 in
389 2291 500 2348 asinum
531 2291 745 2351 transformatio
776 2293 870 2352 tribus
900 2294 1021 2352 diversis
1048 2294 1192 2366 opusculis
1212 2294 1242 2353 in

129 2389 305 2460 antiquitate
333 2392 462 2446 tractata
487 2394 544 2458 est,
576 2405 697 2460 quorum
723 2389 779 2447 duo
800 2390 882 2448 nobis
904 2396 1020 2448 servata
1041 2396 1116 2457 sunt,
1137 2390 1246 2450 Asinus

129 2485 315 2552 ‚lauciaueus‘
336 2485 502 2559 Apuleiqne
515 2486 784 2559 Metamorphoseon
804 2486 872 2545 libri
886 2488 937 2545 XI.
969 2488 1026 2561 Qui
1047 2505 1111 2546 cum
1131 2489 1162 2546 in
1175 2489 1247 2560 ipsis

128 2583 215 2640 Lucii
246 2584 359 2642 casibus
380 2584 548 2642 enarrandis
578 2585 682 2641 mirum
712 2584 743 2641 in
769 2583 884 2642 modum
905 2585 941 2641 ad
963 2585 1081 2644 verbum
1096 2585 1157 2642 fere
1180 2602 1246 2643 con·

129 2679 270 2752 sentiant,
298 2681 485 2739 diversissimi
510 2686 607 2739 tamen
634 2686 701 2739 sunt
722 2685 752 2739 et
772 2682 978 2754 compositione
999 2686 1029 2740 et
1050 2681 1159 2740 ambitu
1179 2700 1245 2742 nar·

129 2776 260 2834 rationis.
296 2776 371 2835 Nam
396 2793 460 2834 cum
473 2778 504 2834 in
517 2777 606 2835 Asino
629 2777 793 2847 ‚Lucianeo‘
815 2777 944 2835 narratio
965 2779 1003 2835 sit
1023 2778 1127 2836 stricta
1147 2780 1245 2837 unius·

130 2889 185 2943 que
208 2873 321 2931 tenoris
343 2879 374 2932 et
396 2874 551 2932 abhorreat
571 2890 588 2932 a
609 2874 832 2946 digressionibus
846 2873 1011 2932 fabularum
1024 2874 1247 2934 Romanensinm

129 2970 324 3042 scriptoribus
344 2971 529 3043 gratissimis,
549 2971 579 3028 in
592 2970 704 3044 Apulei
724 2971 806 3030 libris
827 2973 870 3030 XI
891 2972 928 3030 ad
941 2971 1027 3031 Lucii
1048 2988 1129 3030 casus
1149 2973 1249 3045 ingens

129 3067 292 3127 fabularum
306 3067 566 3128 diversissimarum
581 3068 695 3127 adiecta
710 3074 755 3128 est
770 3069 927 3140 congeries,
949 3068 1093 3140 hilarium,
1108 3069 1245 3139 tristium,

130 3167 302 3233 iocosarmu,
318 3182 490 3234 severorum,
513 3167 786 3239 superstitiosarum,
808 3167 1040 3237 superstitionem
1055 3166 1245 3235 irridentium,

130 3279 203 3333 quae
234 3264 388 3336 pleraeque
410 3280 503 3336 neque
523 3265 601 3322 inter
620 3280 652 3322 se
672 3279 764 3335 neque
786 3280 849 3322 cnm
870 3263 970 3321 fabula
989 3265 1128 3336 primaria
1148 3264 1247 3335 aliqua

129 3361 243 3418 ratione
266 3361 423 3418 cohaerent
443 3366 530 3432 atque
551 3361 753 3420 diversissimis
774 3361 837 3419 sine
859 3360 944 3419 dnbio
966 3377 1002 3418 ex
1023 3362 1095 3419 locis
1117 3378 1134 3418 a
1155 3362 1246 3433 scrip-

130 3463 193 3515 tore
226 3472 358 3516 corrasae
392 3456 464 3515 locis
494 3459 586 3530 magis
606 3459 735 3517 minusve
756 3457 868 3516 idoneis
888 3458 918 3515 in
938 3457 1017 3516 illius
1038 3457 1156 3516 fabulae
1178 3472 1244 3515 oon·

203 3641 223 3708 ¹)
242 3639 375 3696 Libenter
400 3641 516 3696 Rohdeo
544 3642 678 3711 concedo,
706 3658 763 3697 non
791 3639 922 3697 credibile
942 3657 1003 3696 esse
1021 3638 1148 3696 libellum
1166 3638 1246 3694 illum

129 3727 222 3783 Photii
249 3730 341 3784 aetate
369 3725 538 3800 anonymum
564 3728 664 3799 fuisse,
691 3729 878 3800 Photiumque
901 3745 977 3798 eum,
1006 3729 1054 3798 qui
1082 3728 1245 3798 primariam

130 3815 254 3870 fabulam
267 3816 301 3871 de
313 3834 344 3872 se
355 3817 417 3887 ipso
430 3820 565 3886 narraret,
584 3818 670 3873 totius
688 3817 755 3872 libri
773 3819 914 3872 auctorem
932 3815 1034 3884 fuisse,
1053 3816 1121 3871 satis
1139 3819 1245 3872 temore

131 3904 308 3973 conclusisse,
328 3905 403 3975 quod
412 3922 468 3961 non
479 3907 623 3961 concinere
633 3923 696 3961 cum
705 3906 798 3962 Photii
817 3905 1017 3963 consuetudine
1030 3907 1106 3960 recte
1115 3905 1245 3960 Rohdeus

131 3993 260 4062 exposuit
272 3994 311 4062 (p.
325 3995 352 4061 t)
370 3992 410 4047 At
420 3993 486 4049 inde
498 3994 612 4048 minime
625 3993 698 4048 effici
709 4011 741 4048 re
758 4010 825 4049 vera
844 4011 861 4048 a
878 3993 964 4048 Lucio
984 3993 1104 4064 quodam
1116 3992 1245 4047 Patrensi

130 4081 204 4135 hunc
222 4080 323 4136 librum
343 4082 531 4152 conscriptum
550 4098 620 4151 csse,
639 4083 685 4136 vix
706 4087 757 4151 est,
776 4082 850 4152 quod
868 4097 1004 4137 moneam.
