2752 4806
599 423 818 487 ,52-

152 615 240 687 Fugit
260 616 337 674 enirn
357 615 434 688 apud
454 616 535 672 illum
549 616 610 673 sine
625 619 707 673 certa
721 631 806 672 cansa
821 616 918 673 asinus
933 615 968 672 de
982 616 1099 672 theatro
1113 615 1269 675 Corinthio

154 712 323 784 Cenchreas,
345 713 442 782 ibique
464 729 527 769 cnm
548 712 634 770 lunae
656 713 754 770 orbem
773 712 894 771 marinis
912 711 1047 770 fluctibns
1069 718 1270 784 emergentem

153 808 285 880 vidisset,
318 809 400 867 deam
425 809 506 867 illam
532 809 668 867 invocare
692 809 809 878 statuit,
835 792 869 866 ut
894 808 957 866 dira
978 808 1171 881 quadrupedis
1192 808 1269 868 facie

153 907 269 978 repulsa
290 922 320 963 se
340 906 431 963 Lucio
453 921 504 963 suo
523 905 636 965 reddat.
667 905 725 964 Per
746 922 874 963 somnum
895 907 949 964 Isis
963 906 1026 978 ipsa
1038 906 1129 964 Lucio
1145 912 1271 979 apparet

152 1017 238 1072 seque
270 1001 415 1059 sacerdoti
442 1016 503 1070 suo,
530 1010 562 1059 nt
582 1003 712 1073 proximo
739 1002 786 1059 die
811 1003 842 1059 iu
868 1018 974 1075 pompa
999 1018 1132 1060 coronam
1153 1019 1270 1061 roseam

153 1099 263 1168 gestet,
290 1098 496 1170 imperaturam
522 1114 582 1156 esse
610 1099 762 1170 promittit.
805 1099 894 1156 Fiunt
915 1099 1011 1156 omnia
1031 1099 1105 1156 sient
1125 1098 1180 1157 dea
1200 1115 1270 1172 pro·

158 1194 285 1265 miserat,
315 1194 490 1252 reformatur
511 1195 618 1253 Lucius
638 1199 778 1266 gratoque
798 1195 892 1253 animo
914 1201 1006 1252 totam
1019 1195 1161 1267 reliquam
1174 1196 1269 1254 vitam

153 1290 208 1347 soli
227 1290 313 1348 Isidis
333 1292 492 1349 ministerio
512 1292 678 1365 impendere
700 1292 858 1350 constituit.
898 1292 968 1349 Inde
988 1307 1129 1363 nusquam
1144 1291 1179 1349 de
1194 1291 1268 1350 deae

151 1386 306 1445 simulacro
329 1387 488 1460 digreditur
509 1393 539 1446 et
559 1404 577 1445 a
597 1387 746 1446 sacerdote
767 1388 907 1460 primario
923 1387 1005 1444 enixe
1019 1392 1111 1459 rogat,
1133 1393 1269 1459 utquam

153 1484 301 1541 celerrime
320 1484 407 1542 Isidis
427 1485 572 1556 mysteriis
597 1485 736 1544 initietur.
779 1485 892 1555 Quare
914 1490 1033 1555 peracta
1056 1485 1176 1542 Romam
1197 1501 1268 1556 pro-

151 1581 244 1638 fectus
264 1581 387 1640 Osiridis
413 1597 525 1653 quoque
551 1583 642 1653 orgiis
666 1583 829 1640 illustratur
855 1587 885 1639 et
912 1582 1010 1653 paullo
1031 1586 1098 1652 post
1118 1580 1148 1637 in
1168 1581 1266 1653 ipsum

151 1678 357 1757 pastophorum
379 1679 534 1750 collegium
554 1679 708 1751 adlegitur.

231 1773 413 1832 (leuauerunt
434 1776 564 1833 nonnulli
583 1777 640 1833 viri
662 1775 741 1834 docti
765 1780 798 1833 nt
819 1774 1037 1834 Goldbacherns
1062 1779 1092 1832 et
1109 1774 1268 1847 Diltheyns

154 1871 228 1928 hanc
242 1871 348 1943 Apulei
369 1873 565 1930 narrationem
584 1873 731 1944 integram
750 1871 864 1931 fabulae
877 1872 999 1929 formam
1013 1871 1096 1929 nobis
1109 1872 1264 1931 ostendere

154 1983 243 2038 eaque
264 1972 376 2026 resecta
396 1967 483 2026 Asini
504 1969 722 2041 epitomatorem
742 1970 831 2027 alium
852 1969 960 2026 exitum
982 1968 1017 2026 de
1038 1983 1089 2025 sno
1111 1968 1264 2027 adiecisse.

151 2063 229 2134 Quae
250 2066 393 2122 sententia
413 2082 530 2138 prorsus
551 2066 622 2123 mihi
642 2065 758 2122 videtur
779 2065 925 2123 reicienda
946 2081 1019 2124 esse.
1060 2065 1160 2136 Neque
1187 2066 1266 2122 enim

154 2162 266 2219 omnino
287 2168 487 2233 excerptorum
501 2179 562 2220 mos
578 2166 622 2220 est
636 2163 764 2234 partium
778 2162 946 2220 emissarum
960 2162 1023 2219 loco
1038 2161 1111 2218 alias
1124 2162 1264 2232 inserere,

151 2273 243 2327 neque
273 2259 333 2316 tale
364 2259 431 2329 qnid
459 2259 623 2330 exspectari
647 2262 744 2329 potest
769 2258 804 2316 de
829 2258 916 2315 Asini
942 2257 1146 2329 epitomatore.
1179 2274 1266 2328 quem

119 2283 256 2477 Nubique
286 2354 330 2411 ita
361 2371 392 2412 se
423 2356 546 2426 gessisse
577 2354 716 2424 vidimus,
748 2358 780 2411 nt
807 2370 874 2414 sane
900 2354 1004 2411 multas
1025 2353 1142 2410 fabulae
1163 2358 1265 2425 partes

141 2451 274 2509 maiores
287 2451 412 2510 minores
432 2453 585 2521 recideret,
607 2451 658 2508 sed
677 2451 790 2522 reliqna
810 2451 853 2507 ita
874 2455 906 2507 nt
928 2454 1011 2507 erant
1031 2451 1264 2521 transuerberat,

120 2493 145 2701 l
151 2565 235 2622 saepe
266 2567 302 2607 ne
334 2551 376 2608 eis
398 2550 512 2621 quidem
536 2551 671 2619 mutatis,
703 2565 775 2620 qnae
802 2547 945 2621 prioribus
970 2547 1071 2605 recisis
1095 2547 1263 2606 necessario

121 2702 129 2746 ἶ
150 2647 255 2704 mutari
281 2647 450 2705 debuerunt.
490 2645 556 2719 Qua
576 2645 638 2702 sola
659 2645 719 2703 eius
740 2644 945 2702 consuetudine
966 2643 1049 2701 uobis
1070 2644 1208 2716 contigit,
1231 2649 1264 2702 nt

124 2742 132 2815 i
150 2742 274 2799 Asinum
295 2742 441 2814 epitomen
462 2757 524 2799 esse
544 2739 625 2798 firme
647 2741 846 2798 demonstrare
859 2756 1014 2812 possemus.
1044 2738 1088 2797 At
1102 2740 1262 2812 Apuleium

148 2838 258 2911 amplas
272 2838 447 2895 narrationis
461 2842 561 2909 partes
576 2837 611 2894 de
631 2853 682 2894 suo
703 2836 844 2895 adiecisse
862 2836 1013 2909 permultis
1025 2836 1098 2895 locis
1113 2837 1263 2907 cognitum

149 2940 202 2994 ost.
238 2935 325 2993 Patet
345 2935 435 3007 igitur
454 2939 518 2992 tota
537 2935 677 2993 librorum
690 2935 787 2992 indole
802 2940 831 2992 et
846 2934 1052 3006 compositione
1067 2932 1264 2992 Goldbacheri

149 3032 321 3090 senteutiam
341 3032 413 3089 reici
435 3032 666 3104 contrariamque
687 3030 888 3089 commendari.

228 3129 310 3199 Quod
329 3131 438 3202 optime
453 3131 654 3202 comprobatur
667 3129 738 3201 ipsis
753 3129 855 3185 harum
870 3127 1048 3186 diversarum
1062 3127 1262 3185 narrationum

148 3226 335 3296 argumentis.
364 3227 507 3299 Apertum
527 3228 603 3285 enim
624 3232 668 3285 est
689 3226 762 3284 asini
783 3225 900 3294 exitum,
922 3225 992 3282 licet
1005 3225 1077 3282 locis
1090 3222 1261 3296 quibusdam

147 3323 297 3381 mutilatus
318 3324 365 3395 sit,
388 3328 418 3381 et
439 3328 609 3396 argumento
631 3328 661 3380 et
680 3321 817 3379 narrandi
831 3321 945 3379 ratione
959 3337 1024 3378 cum
1037 3321 1149 3392 reliqna
1161 3318 1261 3378 fabula

147 3420 263 3491 egregie
289 3420 440 3478 concinere
471 3424 502 3476 et
526 3420 557 3476 in
581 3418 681 3491 primis
706 3434 741 3475 ea
766 3433 839 3488 qnae
859 3418 889 3474 in
910 3434 972 3488 cap.
995 3417 1033 3475 56
1054 3421 1174 3474 narrata
1193 3421 1261 3474 sunt

147 3516 251 3589 eapitis
272 3517 308 3574 51
331 3516 563 3573 narratiunculae
585 3515 667 3586 quasi
687 3530 852 3572 mueronem
873 3530 946 3573 esse.
987 3514 1062 3571 Nam
1083 3515 1124 3572 sic
1145 3513 1259 3570 demum

149 3613 307 3671 coniunctis
320 3612 365 3670 his
379 3611 489 3669 duobus
504 3610 645 3682 capitibus
658 3610 876 3681 rationibusque
892 3609 1023 3678 diversis,
1039 3611 1141 3681 quibus
1155 3610 1260 3669 mulier

147 3725 218 3781 erga
238 3710 349 3767 asinum
370 3713 401 3766 ct
421 3708 564 3766 hominem
577 3707 700 3766 Lucium
720 3724 773 3766 usa
792 3710 838 3778 sit,
860 3707 957 3780 lepide
977 3708 1055 3765 inter
1073 3723 1104 3766 se
1119 3708 1258 3780 oppositis

147 3804 232 3863 huius
252 3805 378 3863 fabellae
399 3805 548 3862 consilium
569 3808 650 3862 recte
670 3803 853 3875 intellegitur
873 3808 991 3875 totaque
1010 3805 1071 3862 eius
1084 3803 1180 3861 ironia
1193 3820 1259 3876 per·

153 3902 275 3972 spicitur
289 3917 362 3974 quae
377 3901 491 3972 quidem
505 3900 589 3958 valde
603 3901 741 3959 minuitur
760 3906 847 3971 atque
860 3900 934 3958 adeo
945 3900 1072 3973 diluitur,
1098 3904 1258 3959 extremum

150 4003 238 4070 capnt
263 3999 288 4056 si
309 3999 448 4057 omiseris.
490 3997 598 4057 Contra
619 3997 723 4069 Apulei
753 3997 859 4054 librum
880 3997 1067 4066 undecimum,
1099 3997 1149 4069 qni
1178 4002 1258 4055 totns

147 4094 177 4151 in
205 4111 237 4154 eo
263 4101 409 4168 versatur,
442 4098 475 4154 ut
506 4095 698 4154 emolumenta
729 4099 759 4151 et
782 4094 912 4166 praemia
936 4094 1138 4168 mysteriorum
1163 4078 1270 4152 animo'
