2752 4806
547 433 766 495 ..21-

97 624 247 682 machinae
261 625 404 682 novicium
426 625 569 696 clamabat
583 626 695 683 asinum
716 631 746 684 et
767 627 865 684 statim
880 632 913 684 ut
935 627 1065 686 cubiculo
1086 628 1210 700 primum

95 726 289 795 processerat,
314 721 448 779 insistens
468 723 587 780 iubebat
607 724 747 781 incoram
768 724 812 782 sui
825 724 927 796 plagas
948 725 1019 781 mihi
1045 741 1130 796 quam
1150 726 1214 797 plu-

94 820 183 878 rimas
215 818 341 892 irrogari
373 822 403 875 et
434 835 497 876 oum
527 821 699 892 tempestivo
730 820 851 892 prandio
893 820 1061 878 laxarentur
1087 823 1214 879 iumenta

99 920 208 986 cetera,
231 914 316 987 longe
331 915 443 973 tardius
458 917 600 989 applicari
620 917 771 989 praesepio
786 917 930 975 iubebat.“
968 916 1105 974 Videmus
1124 918 1216 989 igitur·

95 1013 171 1070 siout
192 1017 278 1070 antea
299 1028 458 1084 agasonem
478 1012 559 1070 illum
581 1013 740 1082 crudelem,
767 1014 809 1070 sic
828 1017 897 1070 tuno
922 1014 1040 1086 pistoris
1066 1014 1214 1072 mulierem

94 1109 168 1166 miro
202 1109 324 1180 quodam
351 1109 416 1167 odio
450 1109 563 1167 asinum
590 1115 770 1188 persecutam
797 1126 860 1168 esse
886 1114 971 1180 atque
997 1113 1074 1168 omni
1100 1113 1215 1170 ratione

95 1223 160 1264 eum
185 1221 314 1263 vexasse.
362 1204 463 1277 Atque
484 1207 561 1265 siout
581 1224 684 1280 agaso,
717 1224 780 1265 oum
801 1207 897 1265 asinus
924 1208 1077 1279 aliquando
1098 1209 1128 1265 in
1150 1227 1214 1267 eurn

94 1303 190 1360 caloes
222 1301 324 1360 efferre
349 1319 437 1360 ausus
468 1307 559 1372 esset,
591 1303 717 1363 ferocius
746 1305 833 1361 etiarn
859 1309 889 1361 et
914 1305 1058 1362 crudelius
1088 1307 1118 1362 in
1150 1323 1215 1365 eum

94 1400 210 1458 saevire
232 1401 370 1473 coeperit,
394 1401 435 1457 sio
457 1401 546 1458 etiam
560 1401 638 1460 illam
660 1402 809 1459 mulierem
830 1406 1051 1460 consentaneum
1073 1407 1125 1474 est,
1149 1420 1214 1461 curn

96 1496 173 1555 asini
200 1513 291 1569 opera
316 1496 428 1570 flagitia
455 1515 508 1556 sua
533 1498 680 1570 patefacta
701 1504 808 1571 essent,
842 1500 933 1556 multo
959 1500 1071 1558 saevius
1097 1500 1127 1556 in
1149 1517 1214 1557 eum

93 1597 257 1666 grassatam
278 1609 349 1663 esse,
371 1594 449 1651 unde
466 1594 553 1652 facile
567 1595 631 1652 fieri
652 1597 755 1667 potuit,
777 1600 811 1653 ut
824 1595 921 1659 λεπτὸς
944 1594 1010 1653 πάνυ
1031 1595 1077 1655 καὶ
1098 1594 1214 1672 ἀσθενὴς

95 1692 136 1766 τῷ
147 1689 253 1764 σώματι
265 1690 410 1750 evaderet.
444 1691 547 1762 Neque
562 1692 716 1763 quidquam
728 1693 800 1751 facit
810 1698 911 1751 eontra
924 1693 999 1751 hane
1010 1694 1213 1763 coniecturam,

97 1787 172 1859 quod
193 1786 337 1860 Apuleius
369 1788 439 1845 dicit
466 1789 604 1861 pistorem
629 1789 771 1848 adulterio
799 1789 945 1861 patefacto
973 1790 1122 1848 mulierem
1148 1807 1213 1863 pro-

94 1885 173 1942 tinus
205 1884 240 1942 de
268 1886 351 1942 domo
378 1901 429 1942 sua
455 1886 650 1957 proturbasse.
696 1887 773 1947 Narn
795 1903 857 1945 oum
879 1892 980 1959 postea
1006 1891 1155 1945 narratum
1175 1888 1214 1946 sit

98 1980 135 2039 ob
157 1982 248 2054 ipsam
263 1983 339 2040 hanc
353 1983 554 2040 contumeliam
569 1984 717 2041 mulierem
732 1984 769 2040 ad
782 2000 928 2056 maganum
943 1989 1021 2041 artes
1043 1983 1212 2057 confugisse,

95 2083 229 2151 apertum
262 2083 308 2135 est
342 2079 422 2135 illam
448 2079 619 2136 sententiam
645 2080 679 2137 de
705 2079 823 2137 muliere
850 2079 932 2137 domo
958 2080 1043 2152 pulsa
1069 2081 1214 2138 artissime

95 2176 255 2234 cohaerere
277 2191 341 2232 cum
362 2175 460 2233 fabula
475 2193 547 2247 quae
569 2177 698 2246 sequitur
713 2177 871 2235 demerito
887 2177 949 2235 eius
963 2178 1083 2248 magieis
1104 2177 1214 2235 artibus

95 2273 273 2344 interempto
305 2278 335 2330 et
365 2259 489 2330 una'ab
520 2273 648 2345 Apuleio
675 2274 788 2332 demum
818 2275 960 2332 adiectam
991 2291 1061 2333 esse.
1105 2274 1214 2332 Contra

94 2369 220 2427 Lucium
241 2368 411 2426 Patrensem
438 2369 544 2440 optime
568 2374 668 2442 potest
696 2371 821 2441 cogitari
845 2371 888 2427 ita
913 2370 1110 2428 narrationem
1134 2386 1213 2428 suam

95 2465 265 2535 instituisse,
297 2470 331 2522 ut
351 2466 443 2538 pistor
463 2466 611 2524 mulierem
632 2467 689 2523 alia
706 2468 820 2524 ratione
839 2467 936 2524 neseio
957 2483 1013 2537 qua
1033 2467 1163 2538 punitam
1184 2467 1214 2523 in

95 2563 180 2622 domo
201 2580 253 2621 sua
274 2579 423 2621 remanere
443 2579 543 2635 passus
565 2564 604 2620 sit
618 2569 648 2620 et
668 2569 737 2621 tuno
757 2565 835 2622 illius
855 2564 1027 2622 cruciatibus
1042 2564 1116 2620 asini
1136 2563 1213 2622 vires

94 2661 208 2718 fractae
228 2661 294 2717 sint.
338 2660 433 2730 Quare
456 2676 520 2717 curn
540 2661 613 2718 haec
634 2661 735 2718 fabula
756 2670 868 2719 etcum
889 2662 953 2733 ipso
975 2661 1055 2718 asino
1078 2666 1213 2718 111111-

94 2758 217 2815 haereat
242 2762 272 2814 et
297 2762 465 2828 argumento
493 2774 557 2814 cunr
582 2758 671 2815 totius
696 2758 765 2815 libri
789 2759 890 2816 habitu
922 2759 1030 2830 optime
1062 2763 1212 2829 congruat,

94 2855 268 2927 eademque,
291 2855 443 2913 dummodo
465 2855 599 2927 suppleas
622 2871 671 2925 ea,
693 2872 767 2926 quae
788 2857 818 2914 in
838 2856 894 2914 fine
914 2856 1055 2932 Apuleius
1076 2854 1211 2923 resecuit,

95 2953 199 3026 quibus
212 2968 276 3009 curn
289 2936 503 3024 insequentibus
517 2953 669 3010 coniuncta
682 2958 753 3024 erat,
767 2955 954 3023 adiabenem,
967 2970 1040 3025 quae
1054 2953 1084 3010 in
1098 2951 1212 3010 Graeco

94 3050 261 3108 necessario
293 3049 446 3107 statuenda
476 3054 531 3120 est,
567 3050 737 3121 explendam
757 3043 917 3122 ¹aptissima
943 3051 994 3122 sit,
1026 3066 1083 3107 non
1113 3050 1211 3107 dubito

94 3146 164 3218 quin
189 3146 226 3204 ad
252 3146 337 3203 Lucii
361 3145 519 3204 Patrensis
536 3146 613 3204 filum
640 3147 847 3205 restituendum
877 3150 943 3219 post
964 3152 1051 3219 caput
1072 3145 1212 3213 ‚Luciani‘

93 3243 208 3301 411111
230 3243 439 3315 interponenda
463 3244 502 3300 sit
528 3248 557 3301 et
581 3249 648 3317 post
674 3260 736 3301 eam
768 3245 878 3302 reiecta
902 3244 1007 3316 Apulei
1033 3244 1068 3301 de
1094 3242 1211 3315 pistoris

94 3344 188 3397 morte
208 3337 306 3397 fabula
333 3340 391 3398 tale
411 3339 604 3412 adiciendum,
637 3341 722 3411 quale
743 3340 915 3413 significavi,
948 3341 983 3398 de
1012 3339 1111 3397 fractis
1138 3338 1212 3397 asini

94 3436 206 3496 viribus
226 3436 354 3494 mulieris
374 3436 452 3494 illins
472 3437 594 3495 iniuriis,

177 3533 367 3604 Subsequitur
391 3539 510 3604 quartus
528 3535 607 3592 locus
625 3535 820 3606 gravissimus,
841 3550 897 3605 quo
920 3533 1119 3591 describuntur
1140 3547 1212 3604 quae

97 3631 181 3689 asino
203 3630 281 3703 apud
301 3631 486 3688 hortulanum
507 3631 648 3704 quendam
674 3633 843 3689 obvenerint
864 3630 969 3704 (,Lue.‘
991 3630 1120 3688 43-45.
1150 3626 1209 3700 Ap.

92 3726 150 3799 IX,
174 3727 327 3802 3242).
369 3728 415 3785 Ac
439 3729 561 3801 primum
593 3728 708 3799 quidem
734 3728 789 3786 hoc
815 3728 984 3785 facillimum
1009 3730 1053 3784 est
1078 3726 1115 3783 ad
1144 3742 1211 3797 cog·

95 3823 271 3882 noscendum
292 3825 488 3883 narrationem
513 3827 593 3883 illam
618 3826 653 3883 ab
676 3825 799 3897 Apuleio
825 3826 886 3890 solo
908 3823 1065 3881 exhibitam
1091 3823 1126 3880 de
1147 3823 1211 3881 dira

94 3920 200 3979 rustici
220 3920 368 3978 cuiusdam
388 3921 506 3979 fortuna
527 3922 563 3979 ab
584 3922 648 3994 ipso
670 3922 720 3979 illo
740 3922 879 3979 insertam
901 3937 971 3979 esse.
1013 3921 1112 3991 Neque
1134 3920 1210 3977 enim

94 4018 188 4077 solnm
200 4018 365 4089 argumenti
385 4018 541 4076 atrocitate
563 4035 581 4075 a
596 4018 725 4088 reliquae
741 4017 856 4076 fabulae
868 4017 1071 4076 consuetudine
1092 4033 1210 4089 prorsus

93 4116 243 4188 abhorret,
258 4115 309 4172 sed
321 4115 410 4172 etiam
419 4119 480 4173 tam
491 4116 680 4187 neglegenter
695 4115 732 4173 ad
747 4120 872 4173 ceteram
887 4115 1080 4172 narrationem
1097 4113 1210 4171 adnexa
