<?xml version="1.0" encoding="UTF-8"?>
<!DOCTYPE html PUBLIC "-//W3C//DTD XHTML 1.0 Transitional//EN"
    "http://www.w3.org/TR/xhtml1/DTD/xhtml1-transitional.dtd">
<html xmlns="http://www.w3.org/1999/xhtml" xml:lang="en" lang="en">
 <head>
  <title>
</title>
<meta http-equiv="Content-Type" content="text/html;charset=utf-8" />
  <meta name='ocr-system' content='tesseract 3.04.00' />
  <meta name='ocr-capabilities' content='ocr_page ocr_carea ocr_par ocr_line ocrx_word'/>
</head>
<body>
  <div class='ocr_page' id='page_1' title='image "./deluciepatrensi00brgoog_0032.png"; bbox 0 0 2752 4806; ppageno 0'>
   <div class='ocr_carea' id='block_1_1' title="bbox 523 345 742 408">
    <p class='ocr_par' dir='ltr' id='par_1_1' title="bbox 523 345 742 408">
     <span class='ocr_line' id='line_1_1' title="bbox 523 345 742 408; baseline 0.009 -18"><span class='ocrx_word' id='word_1_1' title='bbox 523 345 742 408; x_wconf 70' lang='lat'>..25-</span> 
     </span>
    </p>
   </div>
   <div class='ocr_carea' id='block_1_2' title="bbox 13 537 1282 4116">
    <p class='ocr_par' dir='ltr' id='par_1_2' title="bbox 71 537 1191 1970">
     <span class='ocr_line' id='line_1_2' title="bbox 74 537 1188 610; baseline 0 -16"><span class='ocrx_word' id='word_1_2' title='bbox 74 538 268 609; x_wconf 88' lang='lat' dir='ltr'><strong>epitomatore</strong></span> <span class='ocrx_word' id='word_1_3' title='bbox 282 543 395 596; x_wconf 90' lang='lat' dir='ltr'><strong>resecta</strong></span> <span class='ocrx_word' id='word_1_4' title='bbox 408 543 438 596; x_wconf 87' lang='lat' dir='ltr'><strong>et</strong></span> <span class='ocrx_word' id='word_1_5' title='bbox 452 554 487 595; x_wconf 89' lang='lat' dir='ltr'><strong>ex</strong></span> <span class='ocrx_word' id='word_1_6' title='bbox 501 537 626 609; x_wconf 86' lang='lat' dir='ltr'><strong>Apuleio</strong></span> <span class='ocrx_word' id='word_1_7' title='bbox 642 538 669 596; x_wconf 90' lang='lat' dir='ltr'><strong>ei</strong></span> <span class='ocrx_word' id='word_1_8' title='bbox 683 538 862 596; x_wconf 88' lang='lat' dir='ltr'><strong>restituenda</strong></span> <span class='ocrx_word' id='word_1_9' title='bbox 876 555 939 596; x_wconf 89' lang='lat' dir='ltr'><strong>esse</strong></span> <span class='ocrx_word' id='word_1_10' title='bbox 961 555 1048 610; x_wconf 89' lang='lat' dir='ltr'><strong>snpra</strong></span> <span class='ocrx_word' id='word_1_11' title='bbox 1062 539 1188 610; x_wconf 84' lang='lat' dir='ltr'>exposui.</span> 
     </span>
     <span class='ocr_line' id='line_1_3' title="bbox 75 635 1190 707; baseline 0.002 -17"><span class='ocrx_word' id='word_1_12' title='bbox 75 635 123 691; x_wconf 91' lang='lat' dir='ltr'><strong>Ibi</strong></span> <span class='ocrx_word' id='word_1_13' title='bbox 144 635 219 691; x_wconf 91' lang='lat' dir='ltr'><strong>enim</strong></span> <span class='ocrx_word' id='word_1_14' title='bbox 240 635 469 707; x_wconf 84' lang='lat' dir='ltr'><strong>apertis&#39;verbis</strong></span> <span class='ocrx_word' id='word_1_15' title='bbox 496 636 603 693; x_wconf 85' lang='lat' dir='ltr'><strong>dictum</strong></span> <span class='ocrx_word' id='word_1_16' title='bbox 625 640 670 693; x_wconf 91' lang='lat' dir='ltr'><strong>est</strong></span> <span class='ocrx_word' id='word_1_17' title='bbox 694 636 816 692; x_wconf 91' lang='lat' dir='ltr'><strong>militem</strong></span> <span class='ocrx_word' id='word_1_18' title='bbox 837 636 873 693; x_wconf 92' lang='lat' dir='ltr'><strong>ab</strong></span> <span class='ocrx_word' id='word_1_19' title='bbox 900 636 1051 694; x_wconf 89' lang='lat' dir='ltr'><strong>hortulano</strong></span> <span class='ocrx_word' id='word_1_20' title='bbox 1080 637 1190 693; x_wconf 85' lang='lat' dir='ltr'><strong>asinum</strong></span> 
     </span>
     <span class='ocr_line' id='line_1_4' title="bbox 76 732 1190 805; baseline 0.003 -17"><span class='ocrx_word' id='word_1_21' title='bbox 76 732 237 803; x_wconf 79' lang='lat' dir='ltr'><strong>postulasse</strong></span> <span class='ocrx_word' id='word_1_22' title='bbox 258 732 295 789; x_wconf 92' lang='lat' dir='ltr'><strong>ad</strong></span> <span class='ocrx_word' id='word_1_23' title='bbox 316 733 456 804; x_wconf 89' lang='lat' dir='ltr'><strong>praesidis</strong></span> <span class='ocrx_word' id='word_1_24' title='bbox 482 732 611 790; x_wconf 81' lang='lat' dir='ltr'><strong>sarcinas</strong></span> <span class='ocrx_word' id='word_1_25' title='bbox 637 733 672 790; x_wconf 92' lang='lat' dir='ltr'><strong>de</strong></span> <span class='ocrx_word' id='word_1_26' title='bbox 698 735 827 804; x_wconf 87' lang='lat' dir='ltr'><strong>proximo</strong></span> <span class='ocrx_word' id='word_1_27' title='bbox 857 734 974 791; x_wconf 85' lang='lat' dir='ltr'><strong>castello</strong></span> <span class='ocrx_word' id='word_1_28' title='bbox 1000 733 1190 805; x_wconf 81' lang='lat' dir='ltr'><strong>advehendas,</strong></span> 
     </span>
     <span class='ocr_line' id='line_1_5' title="bbox 75 830 1191 901; baseline 0.005 -18"><span class='ocrx_word' id='word_1_29' title='bbox 75 844 195 898; x_wconf 87' lang='lat' dir='ltr'><strong>cumque</strong></span> <span class='ocrx_word' id='word_1_30' title='bbox 216 845 280 885; x_wconf 88' lang='lat' dir='ltr'><strong>eum</strong></span> <span class='ocrx_word' id='word_1_31' title='bbox 302 830 432 901; x_wconf 86' lang='lat' dir='ltr'><strong>arripere</strong></span> <span class='ocrx_word' id='word_1_32' title='bbox 453 834 571 888; x_wconf 88' lang='lat' dir='ltr'><strong>conatus</strong></span> <span class='ocrx_word' id='word_1_33' title='bbox 586 835 671 900; x_wconf 88' lang='lat' dir='ltr'><strong>esset,</strong></span> <span class='ocrx_word' id='word_1_34' title='bbox 694 831 730 887; x_wconf 88' lang='lat' dir='ltr'><strong>ab</strong></span> <span class='ocrx_word' id='word_1_35' title='bbox 752 830 802 886; x_wconf 93' lang='lat' dir='ltr'><strong>illo</strong></span> <span class='ocrx_word' id='word_1_36' title='bbox 824 833 1001 901; x_wconf 88' lang='lat' dir='ltr'><strong>prostratum</strong></span> <span class='ocrx_word' id='word_1_37' title='bbox 1022 847 1084 888; x_wconf 88' lang='lat' dir='ltr'><strong>esse</strong></span> <span class='ocrx_word' id='word_1_38' title='bbox 1105 834 1191 900; x_wconf 88' lang='lat' dir='ltr'><strong>atque</strong></span> 
     </span>
     <span class='ocr_line' id='line_1_6' title="bbox 77 926 1190 998; baseline 0.004 -17"><span class='ocrx_word' id='word_1_39' title='bbox 77 926 326 984; x_wconf 88' lang='lat' dir='ltr'><strong>vehementissime</strong></span> <span class='ocrx_word' id='word_1_40' title='bbox 348 926 569 985; x_wconf 83' lang='lat' dir='ltr'><strong>diverberatum.</strong></span> <span class='ocrx_word' id='word_1_41' title='bbox 616 927 695 997; x_wconf 74' lang='lat' dir='ltr'><strong>Quae</strong></span> <span class='ocrx_word' id='word_1_42' title='bbox 716 927 741 983; x_wconf 92' lang='lat' dir='ltr'><strong>si</strong></span> <span class='ocrx_word' id='word_1_43' title='bbox 761 932 995 998; x_wconf 82' lang='lat' dir='ltr'><strong>praecesserant,</strong></span> <span class='ocrx_word' id='word_1_44' title='bbox 1028 943 1097 985; x_wconf 89' lang='lat' dir='ltr'><strong>sane</strong></span> <span class='ocrx_word' id='word_1_45' title='bbox 1124 943 1190 985; x_wconf 90' lang='lat' dir='ltr'><strong>con·</strong></span> 
     </span>
     <span class='ocr_line' id='line_1_7' title="bbox 75 1022 1189 1093; baseline 0.003 -15"><span class='ocrx_word' id='word_1_46' title='bbox 75 1025 246 1079; x_wconf 89' lang='lat' dir='ltr'><strong>sentaneum</strong></span> <span class='ocrx_word' id='word_1_47' title='bbox 267 1027 345 1089; x_wconf 88' lang='lat' dir='ltr'><strong>erat,</strong></span> <span class='ocrx_word' id='word_1_48' title='bbox 372 1039 435 1080; x_wconf 86' lang='lat' dir='ltr'><strong>cum</strong></span> <span class='ocrx_word' id='word_1_49' title='bbox 456 1023 601 1080; x_wconf 89' lang='lat' dir='ltr'><strong>hortulani</strong></span> <span class='ocrx_word' id='word_1_50' title='bbox 626 1022 756 1092; x_wconf 78' lang='lat' dir='ltr'><strong>acinique</strong></span> <span class='ocrx_word' id='word_1_51' title='bbox 776 1023 907 1080; x_wconf 89' lang='lat' dir='ltr'><strong>latebrae</strong></span> <span class='ocrx_word' id='word_1_52' title='bbox 929 1024 1061 1081; x_wconf 88' lang='lat' dir='ltr'><strong>detectae</strong></span> <span class='ocrx_word' id='word_1_53' title='bbox 1084 1029 1189 1093; x_wconf 90' lang='lat' dir='ltr'><strong>essent,</strong></span> 
     </span>
     <span class='ocr_line' id='line_1_8' title="bbox 75 1120 1191 1193; baseline 0.003 -17"><span class='ocrx_word' id='word_1_54' title='bbox 75 1120 156 1176; x_wconf 90' lang='lat' dir='ltr'><strong>illum</strong></span> <span class='ocrx_word' id='word_1_55' title='bbox 183 1125 302 1193; x_wconf 92' lang='lat' dir='ltr'><strong>propter</strong></span> <span class='ocrx_word' id='word_1_56' title='bbox 332 1122 439 1178; x_wconf 89' lang='lat' dir='ltr'><strong>laesum</strong></span> <span class='ocrx_word' id='word_1_57' title='bbox 467 1121 589 1178; x_wconf 90' lang='lat' dir='ltr'><strong>militem</strong></span> <span class='ocrx_word' id='word_1_58' title='bbox 613 1121 643 1176; x_wconf 91' lang='lat' dir='ltr'><strong>in</strong></span> <span class='ocrx_word' id='word_1_59' title='bbox 671 1120 787 1180; x_wconf 90' lang='lat' dir='ltr'><strong>vincula</strong></span> <span class='ocrx_word' id='word_1_60' title='bbox 812 1121 917 1189; x_wconf 90' lang='lat' dir='ltr'><strong>conici,</strong></span> <span class='ocrx_word' id='word_1_61' title='bbox 950 1121 1062 1178; x_wconf 90' lang='lat' dir='ltr'><strong>asinum</strong></span> <span class='ocrx_word' id='word_1_62' title='bbox 1094 1127 1191 1179; x_wconf 90' lang='lat' dir='ltr'><strong>autem</strong></span> 
     </span>
     <span class='ocr_line' id='line_1_9' title="bbox 71 1216 1190 1290; baseline 0.004 -19"><span class='ocrx_word' id='word_1_63' title='bbox 71 1216 161 1273; x_wconf 90' lang='lat' dir='ltr'><strong>militi</strong></span> <span class='ocrx_word' id='word_1_64' title='bbox 175 1217 251 1273; x_wconf 88' lang='lat' dir='ltr'><strong>tradi</strong></span> <span class='ocrx_word' id='word_1_65' title='bbox 265 1234 366 1288; x_wconf 81' lang='lat' dir='ltr'><strong>nempe</strong></span> <span class='ocrx_word' id='word_1_66' title='bbox 381 1217 419 1274; x_wconf 91' lang='lat' dir='ltr'><strong>ad</strong></span> <span class='ocrx_word' id='word_1_67' title='bbox 432 1217 573 1289; x_wconf 85' lang='lat' dir='ltr'><strong>praesidis</strong></span> <span class='ocrx_word' id='word_1_68' title='bbox 593 1217 724 1275; x_wconf 87' lang='lat' dir='ltr'><strong>sarcinas</strong></span> <span class='ocrx_word' id='word_1_69' title='bbox 738 1216 927 1275; x_wconf 86' lang='lat' dir='ltr'><strong>advehendas.</strong></span> <span class='ocrx_word' id='word_1_70' title='bbox 964 1217 1025 1287; x_wconf 74' lang='lat' dir='ltr'><strong>Quo</strong></span> <span class='ocrx_word' id='word_1_71' title='bbox 1039 1225 1190 1290; x_wconf 87' lang='lat' dir='ltr'><strong>perspecto</strong></span> 
     </span>
     <span class='ocr_line' id='line_1_10' title="bbox 74 1312 1191 1387; baseline 0.004 -18"><span class='ocrx_word' id='word_1_72' title='bbox 74 1312 146 1369; x_wconf 90' lang='lat' dir='ltr'><strong>illud</strong></span> <span class='ocrx_word' id='word_1_73' title='bbox 167 1329 278 1384; x_wconf 89' lang='lat' dir='ltr'><strong>quoque</strong></span> <span class='ocrx_word' id='word_1_74' title='bbox 300 1314 490 1385; x_wconf 87' lang='lat' dir='ltr'><strong>consequitur,</strong></span> <span class='ocrx_word' id='word_1_75' title='bbox 518 1314 548 1371; x_wconf 90' lang='lat' dir='ltr'><strong>id</strong></span> <span class='ocrx_word' id='word_1_76' title='bbox 569 1313 641 1385; x_wconf 88' lang='lat' dir='ltr'><strong>quod</strong></span> <span class='ocrx_word' id='word_1_77' title='bbox 664 1313 806 1387; x_wconf 90' lang='lat' dir='ltr'><strong>Apuleius</strong></span> <span class='ocrx_word' id='word_1_78' title='bbox 827 1316 856 1372; x_wconf 88' lang='lat' dir='ltr'>X</span> <span class='ocrx_word' id='word_1_79' title='bbox 879 1317 891 1370; x_wconf 95' lang='lat' dir='ltr'><strong>l</strong></span> <span class='ocrx_word' id='word_1_80' title='bbox 916 1314 1034 1372; x_wconf 88' lang='lat' dir='ltr'><strong>exhibet</strong></span> <span class='ocrx_word' id='word_1_81' title='bbox 1054 1315 1089 1372; x_wconf 88' lang='lat' dir='ltr'><strong>de</strong></span> <span class='ocrx_word' id='word_1_82' title='bbox 1111 1317 1191 1374; x_wconf 88' lang='lat' dir='ltr'><strong>asino</strong></span> 
     </span>
     <span class='ocr_line' id='line_1_11' title="bbox 73 1410 1191 1484; baseline 0.004 -19"><span class='ocrx_word' id='word_1_83' title='bbox 73 1410 204 1481; x_wconf 90' lang='lat' dir='ltr'><strong>proximo</strong></span> <span class='ocrx_word' id='word_1_84' title='bbox 237 1411 283 1469; x_wconf 92' lang='lat' dir='ltr'><strong>die</strong></span> <span class='ocrx_word' id='word_1_85' title='bbox 309 1427 327 1468; x_wconf 91' lang='lat' dir='ltr'><strong>a</strong></span> <span class='ocrx_word' id='word_1_86' title='bbox 352 1412 445 1470; x_wconf 90' lang='lat' dir='ltr'><strong>milite</strong></span> <span class='ocrx_word' id='word_1_87' title='bbox 474 1412 595 1471; x_wconf 87' lang='lat' dir='ltr'><strong>sarcinis</strong></span> <span class='ocrx_word' id='word_1_88' title='bbox 627 1417 745 1470; x_wconf 88' lang='lat' dir='ltr'><strong>onerato</strong></span> <span class='ocrx_word' id='word_1_89' title='bbox 772 1416 802 1469; x_wconf 90' lang='lat' dir='ltr'><strong>et</strong></span> <span class='ocrx_word' id='word_1_90' title='bbox 832 1412 870 1470; x_wconf 90' lang='lat' dir='ltr'><strong>ad</strong></span> <span class='ocrx_word' id='word_1_91' title='bbox 900 1413 1061 1484; x_wconf 82' lang='lat' dir='ltr'><strong>proximam</strong></span> <span class='ocrx_word' id='word_1_92' title='bbox 1091 1412 1191 1470; x_wconf 89' lang='lat' dir='ltr'><strong>urbem</strong></span> 
     </span>
     <span class='ocr_line' id='line_1_12' title="bbox 74 1506 1190 1581; baseline 0.005 -19"><span class='ocrx_word' id='word_1_93' title='bbox 74 1506 215 1578; x_wconf 89' lang='lat' dir='ltr'><strong>producto</strong></span> <span class='ocrx_word' id='word_1_94' title='bbox 241 1508 277 1565; x_wconf 91' lang='lat' dir='ltr'><strong>ad</strong></span> <span class='ocrx_word' id='word_1_95' title='bbox 307 1507 417 1567; x_wconf 84' lang='lat' dir='ltr'><strong>fontem</strong></span> <span class='ocrx_word' id='word_1_96' title='bbox 449 1508 631 1567; x_wconf 88' lang='lat' dir='ltr'><strong>referendum</strong></span> <span class='ocrx_word' id='word_1_97' title='bbox 662 1525 731 1568; x_wconf 87' lang='lat' dir='ltr'><strong>esse.</strong></span> <span class='ocrx_word' id='word_1_98' title='bbox 774 1510 815 1567; x_wconf 88' lang='lat' dir='ltr'><strong>Et</strong></span> <span class='ocrx_word' id='word_1_99' title='bbox 844 1508 975 1581; x_wconf 88' lang='lat' dir='ltr'><strong>profecto</strong></span> <span class='ocrx_word' id='word_1_100' title='bbox 1001 1509 1049 1567; x_wconf 90' lang='lat' dir='ltr'><strong>hic</strong></span> <span class='ocrx_word' id='word_1_101' title='bbox 1080 1526 1190 1581; x_wconf 85' lang='lat' dir='ltr'><strong>quoque</strong></span> 
     </span>
     <span class='ocr_line' id='line_1_13' title="bbox 74 1604 1190 1679; baseline 0.004 -20"><span class='ocrx_word' id='word_1_102' title='bbox 74 1604 197 1661; x_wconf 90' lang='lat' dir='ltr'><strong>ironiam</strong></span> <span class='ocrx_word' id='word_1_103' title='bbox 218 1607 298 1662; x_wconf 91' lang='lat' dir='ltr'><strong>illam</strong></span> <span class='ocrx_word' id='word_1_104' title='bbox 320 1607 535 1679; x_wconf 90' lang='lat' dir='ltr'><strong>deprehendere</strong></span> <span class='ocrx_word' id='word_1_105' title='bbox 555 1608 626 1664; x_wconf 92' lang='lat' dir='ltr'><strong>mihi</strong></span> <span class='ocrx_word' id='word_1_106' title='bbox 647 1607 747 1666; x_wconf 91' lang='lat' dir='ltr'><strong>videor</strong></span> <span class='ocrx_word' id='word_1_107' title='bbox 771 1624 823 1678; x_wconf 85' lang='lat' dir='ltr'><strong>per</strong></span> <span class='ocrx_word' id='word_1_108' title='bbox 843 1610 936 1665; x_wconf 88' lang='lat' dir='ltr'><strong>totum</strong></span> <span class='ocrx_word' id='word_1_109' title='bbox 957 1606 1042 1664; x_wconf 88' lang='lat' dir='ltr'><strong>Lucii</strong></span> <span class='ocrx_word' id='word_1_110' title='bbox 1062 1607 1190 1664; x_wconf 90' lang='lat' dir='ltr'><strong>libellum</strong></span> 
     </span>
     <span class='ocr_line' id='line_1_14' title="bbox 72 1702 1190 1781; baseline 0.002 -23"><span class='ocrx_word' id='word_1_111' title='bbox 72 1702 269 1773; x_wconf 80' lang='lat' dir='ltr'><strong>conspicuam,</strong></span> <span class='ocrx_word' id='word_1_112' title='bbox 304 1719 367 1760; x_wconf 86' lang='lat' dir='ltr'><strong>cum</strong></span> <span class='ocrx_word' id='word_1_113' title='bbox 393 1720 445 1760; x_wconf 88' lang='lat' dir='ltr'><strong>sua</strong></span> <span class='ocrx_word' id='word_1_114' title='bbox 469 1704 582 1774; x_wconf 90' lang='lat' dir='ltr'><strong>quidem</strong></span> <span class='ocrx_word' id='word_1_115' title='bbox 607 1705 832 1781; x_wconf 81' lang='lat' dir='ltr'><strong>sententiando</strong></span> <span class='ocrx_word' id='word_1_116' title='bbox 859 1704 1001 1775; x_wconf 89' lang='lat' dir='ltr'><strong>praesidis</strong></span> <span class='ocrx_word' id='word_1_117' title='bbox 1028 1704 1079 1761; x_wconf 92' lang='lat' dir='ltr'><strong>sed</strong></span> <span class='ocrx_word' id='word_1_118' title='bbox 1100 1704 1190 1776; x_wconf 89' lang='lat' dir='ltr'><strong>ipsius</strong></span> 
     </span>
     <span class='ocr_line' id='line_1_15' title="bbox 74 1798 1189 1873; baseline 0.004 -20"><span class='ocrx_word' id='word_1_119' title='bbox 74 1798 203 1856; x_wconf 87' lang='lat' dir='ltr'><strong>sarcinas</strong></span> <span class='ocrx_word' id='word_1_120' title='bbox 228 1800 350 1858; x_wconf 89' lang='lat' dir='ltr'><strong>militem</strong></span> <span class='ocrx_word' id='word_1_121' title='bbox 378 1801 433 1858; x_wconf 88' lang='lat' dir='ltr'><strong>sibi</strong></span> <span class='ocrx_word' id='word_1_122' title='bbox 453 1801 622 1873; x_wconf 88' lang='lat' dir='ltr'><strong>imposuisse</strong></span> <span class='ocrx_word' id='word_1_123' title='bbox 648 1802 744 1858; x_wconf 86' lang='lat' dir='ltr'><strong>asinus</strong></span> <span class='ocrx_word' id='word_1_124' title='bbox 769 1801 860 1859; x_wconf 88' lang='lat' dir='ltr'><strong>libere</strong></span> <span class='ocrx_word' id='word_1_125' title='bbox 882 1799 1063 1872; x_wconf 86' lang='lat' dir='ltr'><strong>profiteatur.</strong></span> <span class='ocrx_word' id='word_1_126' title='bbox 1107 1801 1189 1873; x_wconf 73' lang='lat' dir='ltr'><strong>Quae</strong></span> 
     </span>
     <span class='ocr_line' id='line_1_16' title="bbox 75 1889 1189 1970; baseline 0.004 -19"><span class='ocrx_word' id='word_1_127' title='bbox 75 1896 171 1952; x_wconf 91' lang='lat' dir='ltr'><strong>omnia</strong></span> <span class='ocrx_word' id='word_1_128' title='bbox 185 1897 330 1968; x_wconf 89' lang='lat' dir='ltr'><strong>prioribus</strong></span> <span class='ocrx_word' id='word_1_129' title='bbox 351 1898 409 1954; x_wconf 89' lang='lat' dir='ltr'><strong>illis</strong></span> <span class='ocrx_word' id='word_1_130' title='bbox 423 1899 542 1955; x_wconf 88' lang='lat' dir='ltr'><strong>resectis</strong></span> <span class='ocrx_word' id='word_1_131' title='bbox 558 1897 731 1970; x_wconf 90' lang='lat' dir='ltr'><strong>epitomator</strong></span> <span class='ocrx_word' id='word_1_132' title='bbox 749 1898 912 1957; x_wconf 88' lang='lat' dir='ltr'><strong>necessario</strong></span> <span class='ocrx_word' id='word_1_133' title='bbox 929 1889 1030 1956; x_wconf 87' lang='lat' dir='ltr'><strong>debuit</strong></span> <span class='ocrx_word' id='word_1_134' title='bbox 1043 1900 1189 1957; x_wconf 89' lang='lat' dir='ltr'><strong>omittere.</strong></span> 
     </span>
    </p>

    <p class='ocr_par' dir='ltr' id='par_1_3' title="bbox 13 1991 1237 3137">
     <span class='ocr_line' id='line_1_17' title="bbox 155 1991 1191 2067; baseline 0.001 -16"><span class='ocrx_word' id='word_1_135' title='bbox 155 1991 316 2052; x_wconf 86' lang='lat' dir='ltr'><strong>Occurrunt</strong></span> <span class='ocrx_word' id='word_1_136' title='bbox 336 2000 491 2066; x_wconf 90' lang='lat' dir='ltr'><strong>praeterea</strong></span> <span class='ocrx_word' id='word_1_137' title='bbox 511 1996 648 2053; x_wconf 91' lang='lat' dir='ltr'><strong>hocloco</strong></span> <span class='ocrx_word' id='word_1_138' title='bbox 675 1996 750 2053; x_wconf 88' lang='lat' dir='ltr'><strong>aliae</strong></span> <span class='ocrx_word' id='word_1_139' title='bbox 772 2012 885 2067; x_wconf 91' lang='lat' dir='ltr'><strong>quoque</strong></span> <span class='ocrx_word' id='word_1_140' title='bbox 907 1996 1029 2054; x_wconf 87' lang='lat' dir='ltr'><strong>duorum</strong></span> <span class='ocrx_word' id='word_1_141' title='bbox 1051 1997 1191 2054; x_wconf 89' lang='lat' dir='ltr'><strong>librorum</strong></span> 
     </span>
     <span class='ocr_line' id='line_1_18' title="bbox 72 2090 1191 2165; baseline 0.004 -18"><span class='ocrx_word' id='word_1_142' title='bbox 72 2090 299 2163; x_wconf 87' lang='lat' dir='ltr'><strong>discrepantiae,</strong></span> <span class='ocrx_word' id='word_1_143' title='bbox 335 2093 385 2150; x_wconf 89' lang='lat' dir='ltr'><strong>sed</strong></span> <span class='ocrx_word' id='word_1_144' title='bbox 416 2109 512 2150; x_wconf 90' lang='lat' dir='ltr'><strong>omnes</strong></span> <span class='ocrx_word' id='word_1_145' title='bbox 542 2093 585 2150; x_wconf 88' lang='lat' dir='ltr'><strong>ita</strong></span> <span class='ocrx_word' id='word_1_146' title='bbox 620 2098 811 2165; x_wconf 83' lang='lat' dir='ltr'><strong>comparatae,</strong></span> <span class='ocrx_word' id='word_1_147' title='bbox 846 2097 880 2150; x_wconf 90' lang='lat' dir='ltr'><strong>ut</strong></span> <span class='ocrx_word' id='word_1_148' title='bbox 913 2093 999 2151; x_wconf 84' lang='lat' dir='ltr'><strong>facile</strong></span> <span class='ocrx_word' id='word_1_149' title='bbox 1034 2109 1191 2164; x_wconf 81' lang='lat' dir='ltr'><strong>cognoscas</strong></span> 
     </span>
     <span class='ocr_line' id='line_1_19' title="bbox 73 2187 1189 2264; baseline 0.003 -20"><span class='ocrx_word' id='word_1_150' title='bbox 73 2187 198 2244; x_wconf 88' lang='lat' dir='ltr'><strong>Asinum</strong></span> <span class='ocrx_word' id='word_1_151' title='bbox 223 2188 368 2259; x_wconf 86' lang='lat' dir='ltr'><strong>integram</strong></span> <span class='ocrx_word' id='word_1_152' title='bbox 393 2191 590 2248; x_wconf 86' lang='lat' dir='ltr'><strong>narrationem</strong></span> <span class='ocrx_word' id='word_1_153' title='bbox 615 2207 758 2262; x_wconf 77' lang='lat' dir='ltr'><strong>servasse,</strong></span> <span class='ocrx_word' id='word_1_154' title='bbox 790 2189 947 2264; x_wconf 89' lang='lat' dir='ltr'><strong>Apuleium</strong></span> <span class='ocrx_word' id='word_1_155' title='bbox 979 2191 1052 2248; x_wconf 84' lang='lat' dir='ltr'><strong>satis</strong></span> <span class='ocrx_word' id='word_1_156' title='bbox 1076 2189 1189 2248; x_wconf 85' lang='lat' dir='ltr'><strong>inficete</strong></span> 
     </span>
     <span class='ocr_line' id='line_1_20' title="bbox 74 2283 1190 2358; baseline 0.002 -17"><span class='ocrx_word' id='word_1_157' title='bbox 74 2289 210 2343; x_wconf 86' lang='lat' dir='ltr'><strong>mutasse.</strong></span> <span class='ocrx_word' id='word_1_158' title='bbox 257 2283 340 2343; x_wconf 80' lang='lat' dir='ltr'><strong>Sicut</strong></span> <span class='ocrx_word' id='word_1_159' title='bbox 358 2287 534 2358; x_wconf 89' lang='lat' dir='ltr'><strong>ineptissime</strong></span> <span class='ocrx_word' id='word_1_160' title='bbox 560 2287 671 2344; x_wconf 87' lang='lat' dir='ltr'><strong>addidit</strong></span> <span class='ocrx_word' id='word_1_161' title='bbox 695 2287 802 2345; x_wconf 89' lang='lat' dir='ltr'><strong>milites</strong></span> <span class='ocrx_word' id='word_1_162' title='bbox 831 2288 985 2345; x_wconf 91' lang='lat' dir='ltr'><strong>ementitos</strong></span> <span class='ocrx_word' id='word_1_163' title='bbox 1006 2303 1067 2345; x_wconf 89' lang='lat' dir='ltr'><strong>esse</strong></span> <span class='ocrx_word' id='word_1_164' title='bbox 1088 2288 1190 2344; x_wconf 91' lang='lat' dir='ltr'><strong>hortu·</strong></span> 
     </span>
     <span class='ocr_line' id='line_1_21' title="bbox 75 2383 1188 2457; baseline 0.001 -17"><span class='ocrx_word' id='word_1_165' title='bbox 75 2383 175 2440; x_wconf 88' lang='lat' dir='ltr'><strong>lanum</strong></span> <span class='ocrx_word' id='word_1_166' title='bbox 200 2384 347 2441; x_wconf 85' lang='lat' dir='ltr'><strong>vasculum</strong></span> <span class='ocrx_word' id='word_1_167' title='bbox 377 2384 494 2456; x_wconf 89' lang='lat' dir='ltr'><strong>aliquod</strong></span> <span class='ocrx_word' id='word_1_168' title='bbox 518 2385 659 2457; x_wconf 90' lang='lat' dir='ltr'><strong>praesidis</strong></span> <span class='ocrx_word' id='word_1_169' title='bbox 684 2386 714 2442; x_wconf 92' lang='lat' dir='ltr'><strong>in</strong></span> <span class='ocrx_word' id='word_1_170' title='bbox 741 2386 789 2444; x_wconf 88' lang='lat' dir='ltr'><strong>via</strong></span> <span class='ocrx_word' id='word_1_171' title='bbox 813 2386 974 2456; x_wconf 89' lang='lat' dir='ltr'><strong>repperisse</strong></span> <span class='ocrx_word' id='word_1_172' title='bbox 999 2400 1092 2455; x_wconf 90' lang='lat' dir='ltr'><strong>neque</strong></span> <span class='ocrx_word' id='word_1_173' title='bbox 1112 2385 1188 2441; x_wconf 91' lang='lat' dir='ltr'><strong>velle</strong></span> 
     </span>
     <span class='ocr_line' id='line_1_22' title="bbox 73 2479 1189 2554; baseline 0 -17"><span class='ocrx_word' id='word_1_174' title='bbox 73 2480 236 2543; x_wconf 86' lang='lat' dir='ltr'><strong>restituere.</strong></span> <span class='ocrx_word' id='word_1_175' title='bbox 278 2479 379 2551; x_wconf 89' lang='lat' dir='ltr'><strong>Neque</strong></span> <span class='ocrx_word' id='word_1_176' title='bbox 407 2483 480 2537; x_wconf 91' lang='lat' dir='ltr'><strong>enim</strong></span> <span class='ocrx_word' id='word_1_177' title='bbox 503 2482 545 2539; x_wconf 89' lang='lat' dir='ltr'><strong>eis</strong></span> <span class='ocrx_word' id='word_1_178' title='bbox 569 2497 640 2554; x_wconf 85' lang='lat' dir='ltr'><strong>opus</strong></span> <span class='ocrx_word' id='word_1_179' title='bbox 661 2486 725 2539; x_wconf 89' lang='lat' dir='ltr'><strong>erat</strong></span> <span class='ocrx_word' id='word_1_180' title='bbox 745 2486 807 2539; x_wconf 90' lang='lat' dir='ltr'><strong>tam</strong></span> <span class='ocrx_word' id='word_1_181' title='bbox 832 2480 914 2539; x_wconf 90' lang='lat' dir='ltr'><strong>vanis</strong></span> <span class='ocrx_word' id='word_1_182' title='bbox 935 2480 1189 2552; x_wconf 83' lang='lat' dir='ltr'><strong>criminationibus,</strong></span> 
     </span>
     <span class='ocr_line' id='line_1_23' title="bbox 74 2577 1237 2651; baseline 0 -17"><span class='ocrx_word' id='word_1_183' title='bbox 74 2582 107 2634; x_wconf 89' lang='lat' dir='ltr'><strong>ut</strong></span> <span class='ocrx_word' id='word_1_184' title='bbox 127 2578 314 2649; x_wconf 82' lang='lat' dir='ltr'><strong>magistratus</strong></span> <span class='ocrx_word' id='word_1_185' title='bbox 335 2579 372 2635; x_wconf 93' lang='lat' dir='ltr'><strong>ad</strong></span> <span class='ocrx_word' id='word_1_186' title='bbox 393 2579 579 2636; x_wconf 85' lang='lat' dir='ltr'><strong>hortulanum</strong></span> <span class='ocrx_word' id='word_1_187' title='bbox 604 2579 833 2651; x_wconf 86' lang='lat' dir='ltr'><strong>investigandum</strong></span> <span class='ocrx_word' id='word_1_188' title='bbox 858 2582 1070 2651; x_wconf 88' lang='lat' dir='ltr'><strong>permoverent;</strong></span> <span class='ocrx_word' id='word_1_189' title='bbox 1103 2577 1188 2634; x_wconf 92' lang='lat' dir='ltr'><strong>immo</strong></span> <span class='ocrx_word' id='word_1_190' title='bbox 1232 2594 1237 2605; x_wconf 86' lang='lat'><em>·</em></span> 
     </span>
     <span class='ocr_line' id='line_1_24' title="bbox 13 2675 1189 2748; baseline -0.001 -15"><span class='ocrx_word' id='word_1_191' title='bbox 13 2688 18 2694; x_wconf 83' lang='lat'>&#39;</span> <span class='ocrx_word' id='word_1_192' title='bbox 76 2675 183 2748; x_wconf 89' lang='lat' dir='ltr'><strong>optime</strong></span> <span class='ocrx_word' id='word_1_193' title='bbox 204 2676 279 2733; x_wconf 91' lang='lat' dir='ltr'><strong>idem</strong></span> <span class='ocrx_word' id='word_1_194' title='bbox 300 2676 413 2746; x_wconf 89' lang='lat' dir='ltr'><strong>assequi</strong></span> <span class='ocrx_word' id='word_1_195' title='bbox 433 2680 569 2748; x_wconf 88' lang='lat' dir='ltr'><strong>poterant</strong></span> <span class='ocrx_word' id='word_1_196' title='bbox 596 2677 725 2733; x_wconf 88' lang='lat' dir='ltr'><strong>omnibns</strong></span> <span class='ocrx_word' id='word_1_197' title='bbox 750 2676 848 2743; x_wconf 89' lang='lat' dir='ltr'><strong>rebus,</strong></span> <span class='ocrx_word' id='word_1_198' title='bbox 876 2676 950 2733; x_wconf 90' lang='lat' dir='ltr'><strong>sicut</strong></span> <span class='ocrx_word' id='word_1_199' title='bbox 975 2680 1076 2747; x_wconf 82' lang='lat' dir='ltr'><strong>gestae</strong></span> <span class='ocrx_word' id='word_1_200' title='bbox 1096 2679 1189 2744; x_wconf 91' lang='lat' dir='ltr'><strong>erant,</strong></span> 
     </span>
     <span class='ocr_line' id='line_1_25' title="bbox 74 2771 1190 2846; baseline 0.002 -18"><span class='ocrx_word' id='word_1_201' title='bbox 74 2771 244 2845; x_wconf 87' lang='lat' dir='ltr'><strong>simpliciter</strong></span> <span class='ocrx_word' id='word_1_202' title='bbox 264 2773 399 2831; x_wconf 89' lang='lat' dir='ltr'><strong>narratis.</strong></span> <span class='ocrx_word' id='word_1_203' title='bbox 441 2772 543 2845; x_wconf 88' lang='lat' dir='ltr'><strong>Neque</strong></span> <span class='ocrx_word' id='word_1_204' title='bbox 563 2773 657 2831; x_wconf 89' lang='lat' dir='ltr'><strong>minus</strong></span> <span class='ocrx_word' id='word_1_205' title='bbox 681 2789 816 2846; x_wconf 88' lang='lat' dir='ltr'><strong>perverse</strong></span> <span class='ocrx_word' id='word_1_206' title='bbox 837 2773 920 2842; x_wconf 85' lang='lat' dir='ltr'><strong>fecit,</strong></span> <span class='ocrx_word' id='word_1_207' title='bbox 949 2773 1024 2844; x_wconf 89' lang='lat' dir='ltr'><strong>quod</strong></span> <span class='ocrx_word' id='word_1_208' title='bbox 1046 2790 1082 2830; x_wconf 92' lang='lat' dir='ltr'><strong>ex</strong></span> <span class='ocrx_word' id='word_1_209' title='bbox 1104 2773 1190 2831; x_wconf 90' lang='lat' dir='ltr'><strong>rebus</strong></span> 
     </span>
     <span class='ocr_line' id='line_1_26' title="bbox 73 2869 1188 2943; baseline -0.001 -16"><span class='ocrx_word' id='word_1_210' title='bbox 73 2869 116 2927; x_wconf 87' lang='lat' dir='ltr'><strong>ibi</strong></span> <span class='ocrx_word' id='word_1_211' title='bbox 142 2870 269 2928; x_wconf 84' lang='lat' dir='ltr'><strong>narratis</strong></span> <span class='ocrx_word' id='word_1_212' title='bbox 289 2887 347 2928; x_wconf 91' lang='lat' dir='ltr'><strong>non</strong></span> <span class='ocrx_word' id='word_1_213' title='bbox 366 2870 440 2928; x_wconf 89' lang='lat' dir='ltr'><strong>illud</strong></span> <span class='ocrx_word' id='word_1_214' title='bbox 461 2871 551 2928; x_wconf 88' lang='lat' dir='ltr'><strong>solum</strong></span> <span class='ocrx_word' id='word_1_215' title='bbox 572 2871 756 2943; x_wconf 91' lang='lat' dir='ltr'><strong>proverbium</strong></span> <span class='ocrx_word' id='word_1_216' title='bbox 777 2871 918 2942; x_wconf 88' lang='lat' dir='ltr'><strong>originem</strong></span> <span class='ocrx_word' id='word_1_217' title='bbox 944 2870 1060 2928; x_wconf 89' lang='lat' dir='ltr'><strong>duxisse</strong></span> <span class='ocrx_word' id='word_1_218' title='bbox 1082 2874 1188 2942; x_wconf 88' lang='lat' dir='ltr'><strong>censet,</strong></span> 
     </span>
     <span class='ocr_line' id='line_1_27' title="bbox 70 2965 1191 3044; baseline -0.001 -19"><span class='ocrx_word' id='word_1_219' title='bbox 70 2967 151 3038; x_wconf 88' lang='lat' dir='ltr'><strong>quod</strong></span> <span class='ocrx_word' id='word_1_220' title='bbox 162 2968 308 3026; x_wconf 87' lang='lat' dir='ltr'><strong>Lucianus</strong></span> <span class='ocrx_word' id='word_1_221' title='bbox 321 2968 416 3040; x_wconf 81' lang='lat' dir='ltr'><strong>affert,</strong></span> <span class='ocrx_word' id='word_1_222' title='bbox 439 2965 467 3032; x_wconf 77' lang='grc' dir='ltr'><strong>ἐξ</strong></span> <span class='ocrx_word' id='word_1_223' title='bbox 488 2965 552 3025; x_wconf 73' lang='lat' dir='ltr'><strong>droa</strong></span> <span class='ocrx_word' id='word_1_224' title='bbox 573 2966 765 3044; x_wconf 80' lang='grc' dir='ltr'>παρακύψεως,</span> <span class='ocrx_word' id='word_1_225' title='bbox 781 2967 832 3025; x_wconf 89' lang='lat' dir='ltr'><strong>sed</strong></span> <span class='ocrx_word' id='word_1_226' title='bbox 844 2967 951 3026; x_wconf 87' lang='lat' dir='ltr'><strong>clarius</strong></span> <span class='ocrx_word' id='word_1_227' title='bbox 971 2969 1059 3025; x_wconf 89' lang='lat' dir='ltr'><strong>etiam</strong></span> <span class='ocrx_word' id='word_1_228' title='bbox 1073 2967 1145 3025; x_wconf 91' lang='lat' dir='ltr'><strong>illud</strong></span> <span class='ocrx_word' id='word_1_229' title='bbox 1161 2972 1191 3024; x_wconf 91' lang='lat' dir='ltr'><strong>et</strong></span> 
     </span>
     <span class='ocr_line' id='line_1_28' title="bbox 74 3064 1190 3137; baseline -0.002 -14"><span class='ocrx_word' id='word_1_230' title='bbox 74 3064 225 3137; x_wconf 88' lang='lat' dir='ltr'><strong>vulgarius</strong></span> <span class='ocrx_word' id='word_1_231' title='bbox 241 3065 276 3123; x_wconf 90' lang='lat' dir='ltr'><strong>de</strong></span> <span class='ocrx_word' id='word_1_232' title='bbox 290 3066 393 3123; x_wconf 91' lang='lat' dir='ltr'><strong>umbra</strong></span> <span class='ocrx_word' id='word_1_233' title='bbox 413 3065 497 3135; x_wconf 91' lang='lat' dir='ltr'><strong>asini,</strong></span> <span class='ocrx_word' id='word_1_234' title='bbox 518 3065 594 3135; x_wconf 90' lang='lat' dir='ltr'><strong>quod</strong></span> <span class='ocrx_word' id='word_1_235' title='bbox 612 3070 707 3124; x_wconf 90' lang='lat' dir='ltr'><strong>tamen</strong></span> <span class='ocrx_word' id='word_1_236' title='bbox 722 3065 788 3124; x_wconf 91' lang='lat' dir='ltr'><strong>inde</strong></span> <span class='ocrx_word' id='word_1_237' title='bbox 801 3066 882 3123; x_wconf 87' lang='lat' dir='ltr'><strong>nasci</strong></span> <span class='ocrx_word' id='word_1_238' title='bbox 895 3066 974 3124; x_wconf 88' lang='lat' dir='ltr'><strong>nullo</strong></span> <span class='ocrx_word' id='word_1_239' title='bbox 989 3065 1072 3123; x_wconf 89' lang='lat' dir='ltr'><strong>modo</strong></span> <span class='ocrx_word' id='word_1_240' title='bbox 1087 3066 1190 3137; x_wconf 88' lang='lat' dir='ltr'><strong>potuit.</strong></span> 
     </span>
    </p>

    <p class='ocr_par' dir='ltr' id='par_1_4' title="bbox 71 3161 1282 3918">
     <span class='ocr_line' id='line_1_29' title="bbox 157 3161 1191 3235; baseline -0.001 -16"><span class='ocrx_word' id='word_1_241' title='bbox 157 3163 299 3233; x_wconf 74' lang='lat' dir='ltr'><strong>Quattuor</strong></span> <span class='ocrx_word' id='word_1_242' title='bbox 312 3162 356 3220; x_wconf 90' lang='lat' dir='ltr'><strong>his</strong></span> <span class='ocrx_word' id='word_1_243' title='bbox 370 3162 448 3221; x_wconf 89' lang='lat' dir='ltr'><strong>locis.</strong></span> <span class='ocrx_word' id='word_1_244' title='bbox 456 3163 645 3235; x_wconf 89' lang='lat' dir='ltr'><strong>pertractatis</strong></span> <span class='ocrx_word' id='word_1_245' title='bbox 659 3164 717 3220; x_wconf 86' lang='lat' dir='ltr'><strong>iam</strong></span> <span class='ocrx_word' id='word_1_246' title='bbox 732 3164 803 3221; x_wconf 89' lang='lat' dir='ltr'><strong>satis</strong></span> <span class='ocrx_word' id='word_1_247' title='bbox 818 3162 1015 3222; x_wconf 90' lang='lat' dir='ltr'><strong>confirmatum</strong></span> <span class='ocrx_word' id='word_1_248' title='bbox 1036 3178 1099 3220; x_wconf 90' lang='lat' dir='ltr'><strong>esse</strong></span> <span class='ocrx_word' id='word_1_249' title='bbox 1119 3161 1191 3219; x_wconf 91' lang='lat' dir='ltr'><strong>mihi</strong></span> 
     </span>
     <span class='ocr_line' id='line_1_30' title="bbox 74 3260 1191 3333; baseline -0.001 -16"><span class='ocrx_word' id='word_1_250' title='bbox 74 3260 189 3318; x_wconf 89' lang='lat' dir='ltr'><strong>videtur</strong></span> <span class='ocrx_word' id='word_1_251' title='bbox 208 3276 240 3318; x_wconf 93' lang='lat' dir='ltr'><strong>re</strong></span> <span class='ocrx_word' id='word_1_252' title='bbox 260 3276 328 3319; x_wconf 87' lang='lat' dir='ltr'><strong>vera</strong></span> <span class='ocrx_word' id='word_1_253' title='bbox 348 3264 378 3317; x_wconf 88' lang='lat' dir='ltr'><strong>et</strong></span> <span class='ocrx_word' id='word_1_254' title='bbox 397 3260 575 3330; x_wconf 87' lang='lat' dir='ltr'><strong>,Lucianum‘</strong></span> <span class='ocrx_word' id='word_1_255' title='bbox 597 3266 627 3318; x_wconf 92' lang='lat' dir='ltr'><strong>et</strong></span> <span class='ocrx_word' id='word_1_256' title='bbox 640 3260 797 3333; x_wconf 86' lang='lat' dir='ltr'><strong>Apuleium</strong></span> <span class='ocrx_word' id='word_1_257' title='bbox 811 3261 931 3319; x_wconf 89' lang='lat' dir='ltr'><strong>eundem</strong></span> <span class='ocrx_word' id='word_1_258' title='bbox 945 3261 1056 3319; x_wconf 82' lang='lat' dir='ltr'><strong>fontem</strong></span> <span class='ocrx_word' id='word_1_259' title='bbox 1077 3262 1191 3318; x_wconf 90' lang='lat' dir='ltr'><strong>secutos</strong></span> 
     </span>
     <span class='ocr_line' id='line_1_31' title="bbox 76 3357 1190 3430; baseline -0.002 -16"><span class='ocrx_word' id='word_1_260' title='bbox 76 3374 150 3427; x_wconf 89' lang='lat' dir='ltr'><strong>esse,</strong></span> <span class='ocrx_word' id='word_1_261' title='bbox 172 3358 220 3428; x_wconf 91' lang='lat' dir='ltr'><strong>qui</strong></span> <span class='ocrx_word' id='word_1_262' title='bbox 241 3357 355 3423; x_wconf 85' lang='lat' dir='ltr'><strong>illorum</strong></span> <span class='ocrx_word' id='word_1_263' title='bbox 368 3357 510 3415; x_wconf 89' lang='lat' dir='ltr'><strong>librorum</strong></span> <span class='ocrx_word' id='word_1_264' title='bbox 524 3358 736 3416; x_wconf 89' lang='lat' dir='ltr'><strong>discriminibus</strong></span> <span class='ocrx_word' id='word_1_265' title='bbox 757 3359 913 3430; x_wconf 84' lang='lat' dir='ltr'><strong>diligenter</strong></span> <span class='ocrx_word' id='word_1_266' title='bbox 934 3357 1106 3416; x_wconf 87' lang='lat' dir='ltr'><strong>examinatis</strong></span> <span class='ocrx_word' id='word_1_267' title='bbox 1127 3371 1190 3413; x_wconf 90' lang='lat' dir='ltr'><strong>cum</strong></span> 
     </span>
     <span class='ocr_line' id='line_1_32' title="bbox 74 3454 1191 3528; baseline -0.002 -17"><span class='ocrx_word' id='word_1_268' title='bbox 74 3454 183 3528; x_wconf 91' lang='lat' dir='ltr'><strong>optimo</strong></span> <span class='ocrx_word' id='word_1_269' title='bbox 205 3460 309 3513; x_wconf 89' lang='lat' dir='ltr'><strong>eventu</strong></span> <span class='ocrx_word' id='word_1_270' title='bbox 330 3455 423 3528; x_wconf 88' lang='lat' dir='ltr'><strong>possit</strong></span> <span class='ocrx_word' id='word_1_271' title='bbox 443 3455 567 3522; x_wconf 83' lang='lat' dir='ltr'><strong>restitui.</strong></span> <span class='ocrx_word' id='word_1_272' title='bbox 610 3456 689 3526; x_wconf 74' lang='lat' dir='ltr'><strong>Quae</strong></span> <span class='ocrx_word' id='word_1_273' title='bbox 710 3469 773 3514; x_wconf 84' lang='lat' dir='ltr'><strong>cum</strong></span> <span class='ocrx_word' id='word_1_274' title='bbox 802 3457 844 3513; x_wconf 89' lang='lat' dir='ltr'><strong>ita</strong></span> <span class='ocrx_word' id='word_1_275' title='bbox 869 3456 935 3525; x_wconf 88' lang='lat' dir='ltr'><strong>sint,</strong></span> <span class='ocrx_word' id='word_1_276' title='bbox 957 3459 1061 3525; x_wconf 88' lang='lat' dir='ltr'><strong>restat,</strong></span> <span class='ocrx_word' id='word_1_277' title='bbox 1089 3457 1121 3510; x_wconf 90' lang='lat' dir='ltr'><strong>nt</strong></span> <span class='ocrx_word' id='word_1_278' title='bbox 1146 3469 1191 3510; x_wconf 91' lang='lat' dir='ltr'><strong>re·</strong></span> 
     </span>
     <span class='ocr_line' id='line_1_33' title="bbox 71 3551 1189 3625; baseline -0.003 -15"><span class='ocrx_word' id='word_1_279' title='bbox 71 3553 168 3624; x_wconf 90' lang='lat' dir='ltr'><strong>liquas</strong></span> <span class='ocrx_word' id='word_1_280' title='bbox 199 3569 298 3611; x_wconf 88' lang='lat' dir='ltr'><strong>eorum</strong></span> <span class='ocrx_word' id='word_1_281' title='bbox 328 3557 438 3625; x_wconf 82' lang='lat' dir='ltr'><strong>partes,</strong></span> <span class='ocrx_word' id='word_1_282' title='bbox 469 3569 642 3625; x_wconf 88' lang='lat' dir='ltr'><strong>quamquam</strong></span> <span class='ocrx_word' id='word_1_283' title='bbox 673 3557 734 3611; x_wconf 91' lang='lat' dir='ltr'><strong>tam</strong></span> <span class='ocrx_word' id='word_1_284' title='bbox 766 3559 847 3611; x_wconf 86' lang='lat' dir='ltr'><strong>certa</strong></span> <span class='ocrx_word' id='word_1_285' title='bbox 882 3551 1074 3624; x_wconf 87' lang='lat' dir='ltr'><strong>excerptionis</strong></span> <span class='ocrx_word' id='word_1_286' title='bbox 1106 3566 1189 3622; x_wconf 85' lang='lat' dir='ltr'><strong>argn-</strong></span> 
     </span>
     <span class='ocr_line' id='line_1_34' title="bbox 72 3649 1191 3731; baseline -0.004 -23"><span class='ocrx_word' id='word_1_287' title='bbox 72 3654 170 3708; x_wconf 91' lang='lat' dir='ltr'><strong>menta</strong></span> <span class='ocrx_word' id='word_1_288' title='bbox 200 3651 230 3708; x_wconf 93' lang='lat' dir='ltr'><strong>in</strong></span> <span class='ocrx_word' id='word_1_289' title='bbox 254 3649 347 3709; x_wconf 90' lang='lat' dir='ltr'><strong>Asino</strong></span> <span class='ocrx_word' id='word_1_290' title='bbox 379 3667 437 3707; x_wconf 91' lang='lat' dir='ltr'><strong>non</strong></span> <span class='ocrx_word' id='word_1_291' title='bbox 460 3655 577 3723; x_wconf 87' lang='lat' dir='ltr'><strong>praesto</strong></span> <span class='ocrx_word' id='word_1_292' title='bbox 608 3655 687 3721; x_wconf 88' lang='lat' dir='ltr'><strong>sunt,</strong></span> <span class='ocrx_word' id='word_1_293' title='bbox 719 3650 806 3731; x_wconf 88' lang='lat' dir='ltr'><strong>simili</strong></span> <span class='ocrx_word' id='word_1_294' title='bbox 837 3650 950 3707; x_wconf 89' lang='lat' dir='ltr'><strong>ratione</strong></span> <span class='ocrx_word' id='word_1_295' title='bbox 982 3663 1191 3721; x_wconf 89' lang='lat' dir='ltr'><strong>comparemus,</strong></span> 
     </span>
     <span class='ocr_line' id='line_1_35' title="bbox 74 3745 1282 3822; baseline -0.002 -18"><span class='ocrx_word' id='word_1_296' title='bbox 74 3747 198 3818; x_wconf 89' lang='lat' dir='ltr'><strong>quidque</strong></span> <span class='ocrx_word' id='word_1_297' title='bbox 220 3748 285 3806; x_wconf 90' lang='lat' dir='ltr'><strong>inde</strong></span> <span class='ocrx_word' id='word_1_298' title='bbox 307 3749 402 3822; x_wconf 85' lang='lat' dir='ltr'><strong>colligi</strong></span> <span class='ocrx_word' id='word_1_299' title='bbox 426 3750 519 3822; x_wconf 89' lang='lat' dir='ltr'><strong>possit</strong></span> <span class='ocrx_word' id='word_1_300' title='bbox 539 3749 619 3807; x_wconf 90' lang='lat' dir='ltr'><strong>etde</strong></span> <span class='ocrx_word' id='word_1_301' title='bbox 639 3750 789 3820; x_wconf 89' lang='lat' dir='ltr'><strong>utriusque</strong></span> <span class='ocrx_word' id='word_1_302' title='bbox 804 3749 916 3806; x_wconf 89' lang='lat' dir='ltr'><strong>ratione</strong></span> <span class='ocrx_word' id='word_1_303' title='bbox 932 3751 961 3805; x_wconf 90' lang='lat' dir='ltr'><strong>et</strong></span> <span class='ocrx_word' id='word_1_304' title='bbox 976 3747 1011 3804; x_wconf 94' lang='lat' dir='ltr'><strong>de</strong></span> <span class='ocrx_word' id='word_1_305' title='bbox 1033 3745 1190 3804; x_wconf 89' lang='lat' dir='ltr'><strong>communis</strong></span> <span class='ocrx_word' id='word_1_306' title='bbox 1279 3750 1282 3755; x_wconf 82' lang='lat'>&#39;</span> 
     </span>
     <span class='ocr_line' id='line_1_36' title="bbox 73 3833 760 3918; baseline 0 -16"><span class='ocrx_word' id='word_1_307' title='bbox 73 3844 162 3903; x_wconf 89' lang='lat' dir='ltr'><strong>fontis</strong></span> <span class='ocrx_word' id='word_1_308' title='bbox 182 3847 358 3917; x_wconf 85' lang='lat' dir='ltr'><strong>narratione,</strong></span> <span class='ocrx_word' id='word_1_309' title='bbox 384 3847 526 3905; x_wconf 88' lang='lat' dir='ltr'><strong>acerrime</strong></span> <span class='ocrx_word' id='word_1_310' title='bbox 546 3833 760 3918; x_wconf 85' lang='lat' dir='ltr'><strong>investigemus.</strong></span> 
     </span>
    </p>

    <p class='ocr_par' dir='ltr' id='par_1_5' title="bbox 77 3940 1192 4116">
     <span class='ocr_line' id='line_1_37' title="bbox 156 3940 1192 4016; baseline -0.007 -13"><span class='ocrx_word' id='word_1_311' title='bbox 156 3942 269 4003; x_wconf 89' lang='lat' dir='ltr'><strong>Narrat</strong></span> <span class='ocrx_word' id='word_1_312' title='bbox 289 3944 366 4016; x_wconf 86' lang='lat' dir='ltr'><strong>apud</strong></span> <span class='ocrx_word' id='word_1_313' title='bbox 388 3944 548 4002; x_wconf 90' lang='lat' dir='ltr'><strong>Lucianum</strong></span> <span class='ocrx_word' id='word_1_314' title='bbox 569 3944 662 4016; x_wconf 89' lang='lat' dir='ltr'><strong>primo</strong></span> <span class='ocrx_word' id='word_1_315' title='bbox 684 3942 780 4015; x_wconf 87' lang='lat' dir='ltr'><strong>capite</strong></span> <span class='ocrx_word' id='word_1_316' title='bbox 799 3941 908 4000; x_wconf 86' lang='lat' dir='ltr'><strong>Lucius</strong></span> <span class='ocrx_word' id='word_1_317' title='bbox 929 3958 960 3999; x_wconf 90' lang='lat' dir='ltr'><strong>se</strong></span> <span class='ocrx_word' id='word_1_318' title='bbox 980 3940 1134 4012; x_wconf 86' lang='lat' dir='ltr'><strong>aliquando</strong></span> <span class='ocrx_word' id='word_1_319' title='bbox 1156 3955 1192 3997; x_wconf 91' lang='lat' dir='ltr'><strong>ex</strong></span> 
     </span>
     <span class='ocr_line' id='line_1_38' title="bbox 77 4037 1189 4116; baseline -0.004 -17"><span class='ocrx_word' id='word_1_320' title='bbox 77 4041 195 4116; x_wconf 87' lang='lat' dir='ltr'><strong>negotio</strong></span> <span class='ocrx_word' id='word_1_321' title='bbox 216 4041 396 4100; x_wconf 78' lang='lat' dir='ltr'><strong>Thessaliam</strong></span> <span class='ocrx_word' id='word_1_322' title='bbox 423 4041 561 4114; x_wconf 89' lang='lat' dir='ltr'><strong>petivisse</strong></span> <span class='ocrx_word' id='word_1_323' title='bbox 585 4041 755 4111; x_wconf 87' lang='lat' dir='ltr'><strong>litterasque</strong></span> <span class='ocrx_word' id='word_1_324' title='bbox 780 4039 913 4098; x_wconf 87' lang='lat' dir='ltr'><strong>habuisse</strong></span> <span class='ocrx_word' id='word_1_325' title='bbox 934 4039 971 4096; x_wconf 94' lang='lat' dir='ltr'><strong>ad</strong></span> <span class='ocrx_word' id='word_1_326' title='bbox 992 4037 1189 4111; x_wconf 88' lang='lat' dir='ltr'><strong>Hipparchum</strong></span> 
     </span>
    </p>
   </div>
   <div class='ocr_carea' id='block_1_3' title="bbox 0 0 1384 4806">
    <p class='ocr_par' dir='ltr' id='par_1_6' title="bbox 0 0 1384 4806">
     <span class='ocr_line' id='line_1_39' title="bbox 0 0 1384 4806; baseline 0 0"><span class='ocrx_word' id='word_1_327' title='bbox 0 0 1384 4806; x_wconf 95' lang='lat' dir='ltr'><strong> </strong></span> 
     </span>
    </p>
   </div>
  </div>
 </body>
</html>
