2752 4806
541 405 752 468 ..49-

84 579 127 632 ut
147 580 297 646 pastorum
315 574 386 646 iuga
400 575 561 646 explicetur
573 577 676 634 mutati
691 577 797 635 domini
811 577 968 636 novitatem
982 577 1203 655 metuentium.¹)

79 670 162 729 Cum
194 675 291 729 autem
323 672 413 729 totius
440 671 557 731 fabulae
583 675 787 746 compositione
812 676 974 734 necessario
995 676 1201 748 postularetur,

75 772 121 825 ut
141 783 214 824 unus
235 768 352 826 nuntius
373 768 409 826 de
430 768 486 826 hac
507 784 540 825 re
561 768 725 840 afferretur,
752 771 877 844 scriptor
898 771 996 830 facere
1015 789 1073 829 non
1094 773 1198 843 potuit,

78 864 159 934 quin
186 879 235 922 eos
256 863 352 921 ambos
374 865 474 922 eodem
493 862 554 924 iere
575 869 706 938 tempore
725 865 850 938 fingeret
864 868 1015 926 interiisse.
1047 866 1147 938 Atque
1160 869 1202 926 sic

73 976 118 1018 re
144 977 217 1020 vera
241 961 370 1019 narratio
398 966 565 1033 comparata
590 968 636 1020 est
660 964 690 1020 iu
714 965 832 1035 integra
860 964 974 1022 fabulae
1000 963 1093 1022 forma
1123 965 1199 1037 apud

79 1057 276 1125 ,Lucianumt
312 1058 434 1129 Respuit
456 1074 519 1116 eam
539 1056 683 1131 Apuleius
703 1065 824 1133 propter
838 1062 954 1119 nimiam
970 1061 1200 1133 simplicitatem

77 1153 138 1211 sed
171 1168 234 1210 cum
265 1153 428 1212 uberiorem
459 1155 520 1212 eius
547 1155 611 1213 loco
637 1161 810 1228 apponeret,
843 1157 1003 1214 molestiam
1033 1157 1114 1216 iilam
1144 1174 1201 1216 non

82 1249 212 1323 effugere
232 1250 340 1321 potuit,
367 1250 442 1321 quod
469 1251 556 1309 etiam
582 1251 616 1309 de
642 1252 802 1323 Tlepolemi
827 1257 919 1310 morte
944 1253 994 1323 qui
1014 1253 1105 1311 multo
1133 1258 1201 1311 ante

83 1346 218 1418 perierat
237 1351 307 1405 tunc
327 1347 451 1418 primum
472 1353 603 1419 pastores
625 1348 763 1407 certiores
783 1346 848 1407 fieri
868 1348 1009 1408 videntur.

166 1443 212 1501 De
230 1444 335 1502 itinere
356 1462 504 1504 servorum
525 1446 694 1518 fugientium
716 1445 880 1515 ,Lucienus‘
903 1446 974 1503 haec
990 1449 1103 1503 tantum
1116 1446 1201 1504 affert

85 1539 130 1597 καὶ
155 1538 204 1615 τὴν
226 1538 309 1599 νύκτα
331 1539 397 1617 ὅλην
419 1540 545 1605 ἐλθόντες
565 1541 627 1599 ὁδὸν
649 1541 782 1616 ἀργαλέαν
804 1540 849 1600 καὶ
869 1545 949 1618 τριῶν
971 1539 1061 1600 ἄλλων
1086 1543 1219 1620 ἡμερῶν

89 1635 136 1712 τὴν
158 1636 220 1694 ὁδὸν
242 1635 385 1701 ἀνύσαντες
406 1637 546 1716 ἐρχόμεθα
567 1638 595 1701 ἐς
616 1637 691 1696 πόλιν
705 1642 753 1715 τῆς
768 1634 938 1702 Μακεδονίας
952 1634 1065 1715 Βέροιαν
1080 1643 1200 1716 μεγάλην

88 1732 130 1792 καὶ
160 1733 386 1812 πολυάνθρωπον.
438 1734 581 1808 Apuleius
612 1736 667 1794 hoc
697 1736 760 1798 loco
787 1751 886 1794 rursus
912 1740 972 1793 tres
1002 1735 1124 1794 fabellas
1155 1737 1200 1794 in·

87 1830 181 1888 seruit.
224 1828 324 1903 Atque
356 1848 419 1890 cnm
444 1833 538 1904 prima
562 1836 592 1890 et
617 1830 743 1890 secunda
769 1831 865 1902 aliquo
893 1836 972 1890 certe
997 1833 1111 1890 vinculo
1133 1849 1198 1890 cum

88 1926 251 1999 pastoribus
282 1932 312 1985 et
338 1927 417 1986 asino
444 1929 614 1986 coniunctae
641 1928 714 1998 sint,
746 1928 836 1985 tertia
857 1944 920 1985 cum
940 1928 1079 1999 primaria
1099 1929 1198 1988 fabula

91 2025 175 2098 plane
195 2025 275 2083 nulla
296 2026 408 2083 ratione
430 2015 567 2083 cohaeret
587 2030 675 2095 atque
689 2025 750 2096 ipso
766 2024 883 2082 exordio
905 2023 1046 2098 („pagum
1059 2025 1199 2095 quendam

88 2122 247 2180 accedimus
270 2168 276 2180 .
299 2167 305 2180 .
329 2168 335 2180 .
358 2122 407 2179 uhi
434 2126 566 2194 coeptum
592 2121 705 2179 facinus
736 2120 841 2193 oppido
866 2121 1051 2179 memorabile
1077 2136 1196 2179 narrare

85 2219 202 2294 cupio“)
227 2222 328 2290 aperte
352 2222 477 2276 testatur
512 2236 543 2277 se
575 2217 611 2275 ab
632 2217 754 2289 Apuleio
785 2217 899 2275 aliunde
926 2216 1082 2275 delibatam
1116 2235 1197 2278 mera

86 2315 206 2374 libidine
226 2316 281 2373 hoc
300 2316 479 2387 potissimum
499 2314 562 2372 loco
584 2315 746 2386 appositam
768 2330 837 2373 esse.
874 2314 936 2385 Qua
956 2331 988 2371 re
1009 2315 1084 2372 hanc
1104 2314 1193 2373 Gold-

85 2412 226 2470 bacherus
247 2427 358 2483 quoque
377 2428 395 2468 a
408 2411 500 2469 Lucio
514 2409 650 2468 Patrensi
664 2411 848 2478 abiudicavit,
870 2411 997 2481 reliquas
1011 2417 1112 2469 contra
1125 2411 1195 2470 duas

86 2510 156 2569 satis
175 2505 298 2566 fidenter
318 2508 356 2566 ad
377 2524 440 2566 eum
461 2508 582 2567 rettulit.
618 2505 729 2566 Verum
749 2512 902 2564 tamenne
923 2506 1076 2565 secundam
1097 2509 1125 2566 ci
1145 2513 1195 2566 at-

82 2606 255 2674 tribuamus,
282 2605 380 2663 obstat
404 2604 499 2677 ipsum
523 2620 615 2676 genus
636 2603 786 2675 narrandi,
815 2619 878 2661 cum
898 2619 945 2661 res
965 2604 1056 2662 mirae
1078 2608 1109 2662 et
1127 2621 1194 2677 pro·

78 2701 212 2774 digiosae
232 2702 274 2773 ,in
299 2719 335 2760 ea
358 2718 415 2760 non
440 2702 516 2759 sicut
535 2703 565 2758 in
586 2702 691 2761 ceteris
711 2701 828 2773 ironice,
850 2699 901 2758 sed
920 2702 1053 2772 graviter
1072 2707 1104 2758 et
1123 2701 1193 2759 reli·

74 2799 162 2870 giose
196 2798 358 2871 descriptae
388 2798 453 2856 sint.
496 2798 586 2869 Quam
617 2799 654 2855 ob
680 2814 741 2855 rem
765 2797 820 2855 hcc
844 2797 909 2856 loco
934 2797 964 2854 in
985 2797 1192 2856 dubitationem

73 2895 177 2953 uocari
197 2900 293 2967 potest
322 2895 385 2953 sola
414 2894 509 2966 prima
540 2894 639 2952 fabula
664 2893 823 2969 (15-19),
851 2911 923 2966 quae
949 2899 979 2951 et
1005 2910 1134 2953 sermone
1160 2900 1191 2953 et

76 2997 250 3065 argumento
285 2991 323 3049 ad
353 2991 482 3063 reliquae
515 2990 654 3049 historiae
686 2991 918 3049 consuetudinem
949 3007 1039 3064 prope
1069 2991 1191 3052 accedit.

76 3087 180 3163 Atque
206 3106 258 3162 ego
284 3089 399 3161 quidem
423 3089 513 3147 libere
533 3086 672 3162 profiteor
702 3092 810 3147 certum
841 3087 956 3159 aliquod
981 3093 1190 3161 argumentum,

74 3186 251 3247 decernendi
281 3204 326 3245 me
357 3202 497 3258 nusquam
527 3186 679 3244 invenisse.
721 3183 848 3245 Pronior
873 3189 968 3243 autem
991 3201 1053 3242 snm
1072 3184 1102 3241 in
1123 3201 1188 3243 eam

148 3372 168 3439 ¹)
186 3370 278 3426 Verba
291 3369 399 3426 Graeca
418 3367 440 3420 οἱ
459 3366 487 3421 δὲ
506 3364 547 3420 οἶα
566 3367 598 3440 δὴ
617 3367 790 3439 κεκενωμένης
809 3373 856 3439 τῆς
876 3358 955 3426 οἰκίας
974 3365 1037 3418 νέων
1057 3365 1187 3418 δεσποτῶν

79 3457 190 3530 ἔγνωσαν
210 3458 298 3529 μηκέτι
317 3459 398 3531 μένειν
418 3458 443 3509 ἐν
461 3461 493 3527 τῆ
512 3454 614 3529 δουλείᾳ
631 3456 714 3525 vulgo
733 3455 815 3510 ahter
832 3455 999 3524 interpretes
1012 3454 1189 3524 intellegunt,

78 3562 142 3601 cum
159 3562 242 3601 voces
262 3545 325 3597 νέων
344 3544 474 3597 δεσποτῶν
497 3544 668 3612 coniungant
686 3559 748 3598 cum
766 3542 999 3613 praecedentibus
1017 3542 1187 3614 κεκενωμένης

76 3642 122 3706 της
142 3628 234 3703 οἰκίας,
253 3650 310 3688 non
328 3649 391 3688 cum
409 3633 591 3704 sequentibus
615 3632 641 3684 ἐν
659 3635 692 3701 τη
715 3629 827 3703 δουλείᾳ.
863 3630 917 3686 Sed
940 3631 1017 3686 nulio
1039 3628 1121 3684 modo
1140 3645 1188 3684 eos

75 3722 216 3792 pertinere
242 3738 326 3792 posse
349 3722 384 3778 ad
403 3722 536 3778 Chariten
556 3720 802 3791 Tlepolemumque
829 3718 983 3775 clarissime
1004 3719 1069 3775 inde
1089 3718 1187 3786 elucet,

77 3811 151 3882 quod
178 3811 258 3867 deest
284 3811 418 3866 articulus
445 3815 506 3867 τῶν.
542 3810 576 3864 ln
603 3809 757 3880 hyperbato
780 3807 894 3862 minime
918 3806 1114 3879 offendendum
1133 3809 1187 3875 est,

75 3917 137 3956 cum
155 3900 310 3956 rectissime
329 3900 488 3970 exposuerit
506 3902 534 3954 et
552 3898 730 3953 Lehmannus
749 3897 785 3953 ad
804 3913 863 3967 cap.
884 3898 916 3952 16
936 3897 965 3950 et
982 3893 1130 3950 Gourierus
1150 3895 1187 3949 ad

75 4005 135 4058 cap.
154 3991 190 4043 20
211 3989 241 4042 in
264 3987 346 4042 huius
370 3988 481 4057 generis
508 3986 736 4043 translationibus
755 3987 901 4042 verborum
919 3985 1060 4039 auctorem
1079 3982 1185 4054 aliquid

75 4076 245 4148 quaesivisse
263 4073 364 4144 videri3
384 4078 458 4130 certe
477 4075 641 4144 saepissime
661 4089 709 4128 eas
727 4087 886 4142 usurpasse.

971 4163 989 4214 4
