2752 4806
547 343 597 440 ..Ι
636 396 677 460 53
725 430 765 440 ..

101 583 238 656 religioso
261 585 450 659 celebrentur,
472 587 655 647 manifestum
677 593 721 647 est
743 595 913 660 argumento
935 605 986 648 suo
1008 592 1043 649 ab
1062 591 1114 650 illa
1129 591 1212 650 Lucii

98 681 196 740 ironia
217 686 247 739 et
272 682 420 740 hilaritate
441 699 559 755 prorsus
581 683 697 742 distare.
741 683 840 757 Atque
864 686 936 742 illud
957 702 1068 758 quoque
1091 688 1210 760 accedit,

97 777 176 849 quod
196 777 289 835 Lucio
310 777 464 837 reformato
491 780 571 837 etin
591 781 717 852 patriam
736 797 852 840 reverso
874 782 973 840 fabula
994 782 1031 840 ad
1051 784 1212 842 naturalem

93 875 240 946 quendam
255 876 341 934 finem
355 877 494 948 perducta
509 882 553 935 est
573 878 617 936 ita
641 883 675 935 ut
689 879 791 946 omnia,
807 896 879 950 quac
892 885 1044 951 praeterea
1059 881 1210 952 addantur,

97 972 243 1043 languida
263 971 415 1031 videantur
428 978 458 1031 et
472 991 693 1046 supervacanea.
726 975 804 1045 Quae
819 992 882 1033 cum
896 978 939 1034 ita
952 977 1018 1049 sint,
1035 976 1213 1036 euitandam

91 1068 249 1140 probabile
279 1067 406 1140 videtur,
440 1070 550 1127 exitum
573 1069 769 1143 Apuleianum
801 1088 864 1129 cum
891 1074 1128 1144 praecedentibus
1153 1089 1210 1130 non

94 1166 194 1224 solum
208 1165 287 1223 nullo
301 1166 415 1224 vinculo
431 1167 633 1225 cohaerentem
647 1168 697 1226 sed
713 1169 799 1227 etiam
814 1175 984 1240 argumento
1000 1171 1212 1244 discrepantem

92 1263 135 1319 ab
157 1261 221 1333 ipso
236 1261 327 1319 Lucio
341 1260 479 1321 Patrensi
494 1265 682 1336 compositum
696 1281 767 1336 esse,
790 1282 855 1323 eum
869 1271 979 1336 contra,
1001 1284 1085 1339 quem
1100 1267 1212 1337 ‚Lucia-

91 1363 160 1416 nus‘
194 1357 323 1426 exbibet,
357 1360 536 1431 aptissimum
563 1365 592 1419 et
618 1360 656 1418 ad
681 1363 780 1434 priora
804 1366 884 1420 recte
903 1364 1099 1435 intellegenda
1119 1381 1212 1435 paene

94 1456 295 1514 necessarium
316 1457 352 1513 ab
373 1457 430 1513 alio
452 1457 573 1526 quodam
594 1474 685 1529 eoque
706 1465 874 1530 excerptore
896 1460 1038 1517 adiectum
1059 1459 1140 1518 esse?

180 1552 270 1610 Vides
290 1552 336 1610 vel
357 1553 401 1610 his
416 1551 612 1611 Goldbacheri
633 1555 805 1612 sententiam
818 1555 903 1613 valde
928 1556 1134 1614 labefactatam
1150 1573 1212 1614 esse

96 1649 393 1720 verisimillimumque
419 1649 513 1706 videri
537 1650 585 1707 hic
610 1666 722 1721 quoque
750 1650 929 1722 ‚Lucianum‘
955 1652 1040 1710 Lucii
1066 1653 1212 1724 exemplar

99 1751 323 1819 repraesentare
342 1751 373 1804 et
392 1746 548 1819 Apuleium
573 1751 666 1805 totum
691 1747 796 1805 librum
817 1749 996 1806 undecimum
1017 1765 1067 1806 suo
1090 1749 1211 1807 arbitrio

102 1843 249 1902 adiecisse.
282 1840 338 1900 Sed
359 1843 449 1900 multo
471 1843 596 1901 certiora
610 1844 749 1901 accedunt
761 1850 940 1915 argumenta.
972 1845 1212 1903 Luculentissime

103 1941 179 1998 enim
211 1940 402 1997 demonstrari
433 1944 528 2011 potest
552 1945 583 1997 et
610 1940 833 1998 demonstratum
864 1947 908 1999 cst
939 1941 1096 2001 aRobdeo
1124 1941 1211 2014 (Mus.

100 2036 190 2095 Rhen.
212 2038 267 2094 XL
291 2055 319 2110 p.
346 2039 383 2096 76
405 2039 480 2112 sqq.)
502 2040 613 2096 omnino
634 2056 652 2096 a
672 2039 752 2097 nullo
773 2040 830 2098 alio
852 2041 940 2099 scribi
964 2042 1090 2113 potuisse
1116 2045 1210 2111 totum

102 2133 181 2191 illum
202 2133 307 2191 librum
327 2135 382 2192 nisi
403 2136 440 2192 ab
461 2135 593 2207 Apuleio,
615 2136 682 2206 quia
701 2137 731 2193 in
752 2153 786 2193 eo
806 2154 863 2195 non
877 2139 935 2195 iam
950 2138 984 2195 de
998 2137 1084 2195 Lucii
1099 2137 1210 2195 casibus

105 2234 236 2302 ageretur
266 2230 318 2287 scd
348 2230 383 2289 da
414 2232 504 2304 ipsius
528 2231 637 2304 Apulei
668 2233 727 2290 uita
758 2233 907 2304 factisque.
950 2234 1026 2294 Nam
1052 2234 1211 2292 clarissime

103 2330 184 2398 patet
209 2342 273 2384 eum
291 2327 422 2394 Lucium,
451 2329 501 2399 qui
521 2328 551 2386 in
571 2329 647 2385 libro
669 2329 818 2387 undecimo
840 2329 1019 2388 describatur
1040 2335 1072 2387 ut
1093 2329 1211 2386 deorum

103 2423 192 2480 cultui
216 2421 344 2482 intentus
375 2429 405 2482 et
430 2430 551 2496 propter
575 2423 694 2497 pietatis
714 2441 783 2483 suae
804 2426 1009 2484 abundantiam
1029 2427 1061 2483 in
1081 2427 1212 2484 intimam

103 2517 219 2577 deorum
250 2520 375 2591 gratiam
406 2524 552 2592 receptus,
585 2536 701 2593 prorsus
733 2521 877 2580 diversum
902 2538 965 2580 esse
990 2524 1026 2580 ab
1052 2538 1086 2580 eo
1111 2522 1211 2592 Lucio,

104 2618 184 2675 euius
208 2617 390 2674 calamitates
416 2617 556 2675 ridiculae
582 2623 613 2676 et
637 2634 722 2689 saepe
747 2619 876 2677 lubricae
897 2620 927 2677 in
948 2620 1044 2677 decem
1064 2619 1210 2691 prioribus

102 2713 185 2772 libris
206 2717 367 2771 narrentur.
409 2713 450 2771 Et
481 2715 614 2787 exposuit
639 2716 746 2788 optime
771 2716 907 2774 Rohdeus
933 2716 996 2790 (pp.
1018 2717 1064 2786 78,
1087 2715 1140 2789 79)
1167 2731 1210 2784 ea,

104 2827 175 2882 quae
197 2811 232 2869 de
252 2811 338 2869 Lucii
357 2810 474 2869 fortuna
494 2816 524 2868 et
545 2813 655 2870 familia
675 2813 705 2869 in
719 2813 774 2872 hoc
787 2813 861 2871 libro
875 2813 1006 2885 exposita
1020 2817 1124 2883 essent,
1148 2827 1211 2869 cum

102 2908 247 2981 prioribus
278 2908 358 2966 nulla
389 2909 503 2966 ratione
533 2925 618 2980 posse
642 2910 791 2967 conciliari
812 2909 966 2980 eademque
986 2913 1082 2967 tamen
1104 2908 1211 2980 optime

101 3022 258 3077 congruere
277 3001 349 3063 'cum
370 3005 426 3075 eis,
453 3021 527 3076 quae
548 3005 583 3062 de
604 3003 714 3077 Apulei
735 3007 796 3062 vita
817 3022 853 3063 ex
871 3005 991 3076 reliquis
1011 3006 1072 3063 eius
1093 3004 1211 3076 scriptis

104 3102 221 3173 cognita
241 3102 419 3161 haberemus,
454 3101 554 3173 Atque
579 3102 641 3172 ipse
662 3102 800 3174 Apuleius
821 3102 934 3160 etiamsi
956 3106 1121 3163 contextum
1134 3101 1211 3158 inter

104 3197 208 3256 librum
229 3198 257 3255 X
277 3203 308 3256 et
328 3198 372 3255 XI
402 3214 459 3256 non
484 3214 602 3270 prorsus
632 3197 789 3270 interrupit
813 3202 843 3255 et
867 3198 898 3255 in
923 3198 977 3255 hoc
1003 3213 1115 3269 quoque
1140 3196 1211 3255 locis

102 3294 269 3365 quibusdam
288 3296 411 3353 Lucium
432 3301 463 3352 ut
477 3294 660 3355 Corinthium
681 3293 833 3366 descripsit
854 3293 1105 3369 (capitatae),
1127 3310 1210 3366 aper-

100 3391 210 3450 tissime
236 3397 333 3450 tamen
358 3393 416 3450 iam
437 3409 494 3449 non
515 3408 545 3450 se
565 3391 601 3450 de
620 3392 710 3449 Lucio
731 3392 782 3450 illo
804 3392 902 3462 priore
922 3390 1012 3448 verba
1032 3391 1138 3461 iacere,
1161 3388 1211 3446 sed

98 3487 135 3546 de
157 3505 188 3545 se
209 3487 271 3560 ipso
292 3490 387 3547 verbis
408 3488 576 3559 quibusdam
596 3488 735 3546 indicavit
756 3504 817 3560 cap.
840 3487 878 3545 27
902 3487 995 3556 „mitti
1018 3487 1074 3545 sibi
1089 3485 1211 3544 Madau-

102 3600 215 3642 rensem
240 3585 290 3642 sed
311 3584 463 3643 admodum
483 3590 669 3658 pauperem“.
711 3583 800 3654 Quam
821 3599 920 3642 vocem
941 3582 1159 3641 Goldbacherus
1179 3587 1213 3641 ut

101 3681 263 3739 sententiae
283 3697 351 3738 suae
371 3682 494 3740 maxime
514 3681 715 3741 adversantem
742 3684 908 3752 corruptam
929 3695 990 3737 esse
1016 3680 1125 3737 censuit
1139 3680 1212 3736 eius·

102 3790 157 3844 que
177 3777 240 3834 loco
257 3776 569 3851 aliud[restituendum‚
591 3782 624 3834 ut
645 3776 949 3848 ‚‚maneD01·ieusem“
972 3774 1097 3846 velquid
1110 3776 1211 3833 simile
1289 3826 1292 3830 Α

103 3871 203 3944 Neque
224 3875 299 3932 enim
320 3874 457 3932 credibile
479 3891 541 3933 esse
561 3873 716 3947 Apuleium
737 3878 907 3946 perpetuum
927 3872 1009 3930 illum
1029 3888 1098 3930 suae
1118 3870 1213 3929 laudis

93 3968 274 4059 uirtutisque
305 3986 475 4042 praeconem
500 3988 531 4042 se
550 3969 644 4029 Lucio
671 3969 769 4041 paullo
795 3975 863 4028 ante
890 3974 934 4028 ers
954 3970 1035 4027 asino
1056 3967 1211 4025 reformato

106 4066 258 4125 subiecisse
277 4067 375 4138 itaque
395 4067 452 4125 sibi
472 4067 612 4125 acerrime
632 4067 726 4138 ipsum
746 4065 879 4124 irrisisse.
913 4064 1023 4126 Verum
1043 4069 1139 4122 tamen
1159 4079 1213 4135 ego
