2752 4806
583 451 803 516 ..48-

134 638 279 699 Herodoti
310 657 421 712 quoqne
453 641 487 699 de
509 640 589 714 Atye
611 640 712 701 Croesi
737 641 797 701 filio
817 643 1017 702 narrationem
1036 645 1202 718 respexisse
1223 651 1255 706 et

135 755 171 796 ex
192 739 331 797 ambabus
356 755 436 797 suam
457 740 499 797 ite
520 741 721 811 composuisse,
743 743 776 797 ut
796 740 971 812 paucissima
991 746 1105 800 tantum
1126 750 1253 802 novaret

135 837 183 894 vel
207 836 335 895 adderet.
378 834 478 908 Atque
499 836 573 894 hanc
593 837 684 895 totius
705 838 880 896 narrationis
902 838 1139 912 compositionem
1159 840 1248 899 otiam

134 932 165 990 in
186 933 283 1005 priore
303 938 387 1006 parte
408 934 502 1006 ipsum
523 932 680 1006 Apuleium
700 935 883 1006 apertissime
904 935 1046 994 indicasse
1066 937 1164 996 verbis
1186 937 1251 1010 qui·

133 1030 253 1088 busdam
274 1029 388 1088 elucere
409 1030 513 1102 eapitis
532 1029 578 1090 IV
593 1030 640 1100 26,
662 1030 712 1088 ubi
725 1032 804 1112 ⁴haee
823 1032 957 1104 leguntur
976 1033 1007 1090 in
1027 1031 1166 1093 Oharitae
1187 1051 1253 1094 ma-

134 1127 190 1185 rito
218 1143 269 1185 suo
290 1132 408 1200 ereptae
428 1128 683 1187 lamentationibus
716 1127 783 1198 „Sic
805 1129 841 1187 ad
862 1130 957 1188 instar
976 1130 1092 1205 Atyis¹)
1111 1132 1160 1191 vel
1180 1131 1253 1191 Pro·

134 1225 231 1284 tesilai
253 1225 397 1298 dispostas
418 1226 651 1298 disturbataeque
665 1226 813 1300 nuptiae“.
849 1226 907 1285 Sed
921 1244 958 1286 ne
972 1228 1039 1286 hinc
1053 1229 1168 1300 quidem
1182 1245 1252 1288 con·

134 1323 272 1394 seqnitur,
295 1322 371 1394 quod
391 1307 527 1395 consequi
547 1323 664 1381 volebat
684 1323 837 1392 diastema,
861 1314 1061 1397 omnia'quae
1081 1332 1148 1398 post
1168 1328 1251 1386 illum

132 1421 227 1478 locum
247 1426 414 1491 sequantur,
436 1437 488 1492 pro
509 1437 567 1478 una
587 1427 616 1478 et
637 1421 773 1479 continua
793 1420 901 1480 labella
921 1422 1054 1481 habenda
1068 1440 1139 1482 esse.
1172 1424 1251 1486 Nam

134 1519 246 1576 etiamsi
266 1517 423 1577 Protesilai
445 1523 485 1583 ,et
506 1516 594 1590 Atyis
623 1517 786 1576 fabularum
806 1519 999 1579 imitationem
1020 1525 1051 1579 et
1072 1524 1250 1582 contamina·

133 1617 240 1673 tionem
261 1616 385 1674 libenter
406 1615 572 1690 concedo²),
594 1621 691 1674 tamen
713 1617 904 1676 certissimum
919 1623 964 1676 est
984 1618 1022 1677 ad
1045 1620 1136 1678 solam
1149 1626 1250 1692 posto·

133 1712 241 1770 riorem
256 1713 291 1770 de
306 1712 443 1771 Charitas
458 1719 551 1771 morte
564 1715 762 1797 narrationem
775 1716 932 1788 pertinere,
947 1717 977 1774 in
990 1715 1134 1789 prioribus
1146 1724 1251 1778 contra

134 1826 206 1881 quae
231 1811 292 1883 ipso
315 1815 483 1883 argumento
505 1813 629 1870 maxime
650 1813 807 1871 abhorrent
826 1829 862 1871 ne
883 1814 1031 1873 minimum
1051 1815 1166 1886 quidem
1187 1817 1253 1876 eius

133 1924 275 1980 apparere
298 1908 461 1980 vestigium.
508 1899 590 1980 Quod
615 1909 650 1968 de
671 1910 834 1969 Protesilao
862 1916 996 1970 accurate
1022 1927 1109 1985 supra
1131 1913 1249 1973 demon-

132 2006 233 2075 strari,
256 2006 291 2063 de
312 2005 392 2078 Atye
412 2021 466 2079 per
485 2024 517 2066 se
538 2012 620 2080 patet
640 2023 733 2079 neque
753 2012 889 2080 negatum
910 2012 955 2066 est
975 2024 993 2066 a
1012 2008 1148 2070 Macssio.
1186 2010 1251 2082 Qua

132 2119 164 2160 re
189 2103 214 2161 si
234 2104 305 2162 haec
327 2103 382 2162 duo
403 2106 519 2163 nomina
539 2105 598 2163 iam
619 2105 669 2163 illo
689 2106 789 2177 priore
808 2105 873 2163 loco
895 2111 1061 2176 occurrunt,
1087 2112 1139 2165 aut
1160 2114 1251 2167 antea

132 2215 212 2258 mera
224 2201 328 2273 Apulei
341 2202 470 2272 libidine,
484 2207 517 2259 ut
532 2202 665 2260 altiorem
680 2219 779 2260 sonum
794 2203 955 2261 narrationi
968 2202 1111 2271 indueret,
1133 2204 1250 2264 adiecta

132 2316 195 2374 esse
221 2300 363 2358 censenda
386 2305 452 2358 sunt
483 2303 528 2374 (ut
549 2301 655 2359 similia
676 2301 876 2359 additamenta
896 2302 1091 2374 mythologice
1112 2301 1250 2374 leguntur

131 2396 147 2454 I
170 2398 216 2467 12,
237 2396 284 2455 III
308 2399 352 2470 19,
376 2396 419 2456 VI
440 2398 477 2456 29
499 2397 582 2471 alibi)
604 2403 666 2468 ant,
694 2399 769 2470 quod
790 2399 911 2457 Macssii
932 2399 1112 2470 expositione
1134 2400 1249 2472 mytho·

132 2495 270 2569 graphica
290 2494 323 2552 fit
343 2495 537 2565 verisimilius,
559 2496 741 2554 statuendum
765 2503 810 2556 est
830 2496 988 2570 Apuleium
1002 2512 1158 2554 memorem
1179 2512 1251 2556 con-

134 2592 192 2650 silii
213 2593 305 2651 futuri
336 2593 394 2651 iam
414 2597 482 2651 tunc
502 2594 532 2651 in
553 2610 585 2651 re
607 2594 694 2652 simili
715 2594 786 2652 illud
808 2612 844 2652 ex
868 2593 1047 2666 mythologia
1060 2593 1249 2666 adspersisse.

131 2691 219 2751 Nullo
252 2697 331 2749 certe
362 2692 444 2750 modo
475 2697 595 2764 propter
625 2691 688 2748 sola
714 2691 787 2749 haec
808 2690 862 2749 duo
883 2691 999 2749 uomina
1020 2691 1248 2751 concludendum

131 2792 196 2846 erat
217 2789 288 2846 duas
308 2789 373 2846 illas
395 2788 429 2845 de
455 2787 575 2845 Charite
597 2788 779 2846 narrationes
800 2792 971 2860 argumento
994 2794 1024 2847 et
1038 2790 1248 2861 compositione

132 2884 342 2943 diversissimas
363 2886 398 2942 ah
420 2901 476 2943 nno
497 2889 616 2944 auctore
638 2887 816 2958 conscriptas
836 2902 908 2944 esse.

215 2980 336 3040 Macssii
357 2983 502 3041 sententia
526 2984 637 3042 reiecta
656 2983 840 3055 perstandum
855 2987 900 3040 cst
920 2982 950 3039 in
971 2982 1100 3054 priorum
1121 2982 1250 3042 virorum

133 3078 281 3137 doctorum
297 3082 419 3137 omnium
431 3095 570 3140 consensu
581 3081 743 3138 breviorem
755 3081 898 3153 ,Luciani‘
912 3080 1108 3138 narrationem
1119 3096 1155 3138 ex
1168 3081 1253 3140 fonte

130 3177 264 3235 haustam
291 3195 354 3236 esse
380 3180 499 3250 eiusque
524 3179 588 3236 loco
616 3179 651 3237 ab
672 3179 794 3251 Apuleio
823 3178 911 3236 aliam
936 3179 1073 3236 fusiorem
1098 3178 1247 3238 insertam.

131 3273 214 3347 Quod
235 3276 316 3333 illinc
338 3293 449 3347 quoque
471 3276 650 3349 comprobari
671 3280 776 3348 potest,
799 3275 875 3347 quod
896 3275 984 3332 etiam
998 3276 1130 3334 hocloco
1145 3274 1249 3333 fabula

131 3372 294 3443 ‚Lucianea'
316 3374 352 3431 ad
367 3374 455 3432 totius
470 3373 607 3431 historiae
623 3377 789 3431 contextum
809 3373 898 3430 multo
914 3373 1015 3431 melius
1029 3372 1247 3430 accommodata

130 3474 183 3538 est,
207 3487 291 3543 qnam
305 3471 479 3543 Apuleiana.
511 3469 657 3544 Apertum
679 3471 754 3529 enim
776 3474 897 3528 estnon
921 3471 983 3528 sine
999 3486 1085 3527 causa
1099 3469 1245 3542 duplicem

130 3568 267 3627 Charitae
289 3568 507 3641 Tlepolemique
533 3573 655 3626 mortem
683 3569 714 3626 in
733 3572 855 3638 utroque
875 3566 976 3625 libello
1003 3567 1113 3639 afferri,
1141 3583 1245 3641 nempe

201 3720 222 3786 ¹)
243 3718 380 3785 „Attidis“
401 3717 515 3772 exhibet
533 3717 620 3772 codex
637 3716 824 3784 Florentinum,
843 3715 918 3770 unde
937 3718 1012 3771 recte
1030 3714 1061 3770 id
1074 3715 1148 3786 quod
1161 3732 1247 3786 supra

128 3808 263 3877 scriptum
282 3810 326 3862 est
345 3807 440 3862 elicuit
457 3806 652 3876 Kicsslingiua

198 3897 219 3965 ²)
239 3895 321 3950 Patet
339 3897 391 3950 hac
410 3896 618 3966 compositionis
637 3897 745 3951 ratione
764 3896 837 3949 hanc
855 3894 978 3949 fabulam
997 3894 1168 3949 simillimam
1181 3910 1243 3949 esse

128 3985 166 4052 ei,
196 3984 230 4039 de
260 4000 314 4054 qua
342 4000 427 4054 supra
454 3985 540 4039 verba
563 3984 616 4038 ieci
636 3984 670 4039 de
689 3984 769 4054 pueri
788 3983 909 4038 crudelis
927 3985 1025 4039 morte.
1062 3983 1143 4038 Unde
1162 3982 1245 4038 facile

127 4073 247 4127 conicias
266 4075 413 4144 utramque
433 4074 467 4128 ab
486 4074 547 4143 ipso
560 4073 681 4143 Apuleio
699 4071 852 4143 profectam
865 4089 934 4128 esse.
964 4074 1004 4127 At
1016 4072 1093 4143 prior
1105 4071 1237 4128 Charitas

126 4163 222 4220 fabula
240 4164 302 4236 ipsa
320 4163 445 4218 novitate
467 4165 496 4218 ct
515 4162 685 4232 proprietate
705 4162 863 4230 argumenti
883 4162 917 4216 ab
937 4161 993 4216 illis
1012 4162 1133 4217 maxime
1150 4161 1238 4218 distat
