2752 4806
564 469 783 532 ..58-

113 656 256 728 positione
286 655 371 714 valde
402 654 526 730 firmari,
558 674 643 729 quam
676 658 803 717 breviter
826 673 901 716 nunc
932 658 1019 718 velim
1047 675 1157 718 mecum
1183 678 1231 721 re÷

113 753 306 827 cognoscas¹l

138 892 146 906 .
193 850 298 908 Lucius
319 850 435 922 quidam
457 851 567 924 iuvenis
592 853 622 910 in
642 849 821 911 Thessaliam
845 853 904 910 iter
922 851 1006 920 iacit,
1037 869 1122 924 quem
1144 854 1229 913 chal-

116 947 214 1016 daeus,
230 963 295 1006 cum
308 947 344 1005 de
359 947 419 1005 eius
433 953 576 1020 proventu
589 949 754 1021 inquireret,
777 949 928 1007 historiam
943 966 1076 1022 magnam
1090 956 1120 1010 et
1134 952 1228 1011 incre·

116 1043 242 1101 dundam
257 1042 383 1101 fabulam
399 1050 428 1102 et
446 1045 535 1122 libros
549 1045 678 1103 futurum
692 1045 849 1119 respondit.
881 1046 937 1103 Est
950 1046 998 1104 ille
1012 1047 1119 1105 Lucius
1131 1065 1231 1106 rerum

114 1141 287 1198 mirabilium
322 1142 558 1210 studiosissimus,
595 1159 715 1213 cumque
733 1159 784 1216 ,ex
820 1142 928 1202 duobus
969 1144 1120 1202 comitibus
1154 1147 1231 1203 alter

112 1238 203 1296 miras
224 1239 362 1309 quasdam
387 1239 509 1298 fabellas
535 1240 570 1298 de
592 1240 825 1298 Thessalicarum
856 1241 1011 1298 mulierum
1043 1241 1113 1299 diris
1145 1258 1231 1301 cona-

114 1334 240 1393 minibus
254 1336 433 1408 protulisset,
455 1336 491 1395 ob
508 1352 611 1409 easque
625 1339 661 1395 ab
676 1338 768 1395 altero
783 1337 867 1396 valde
887 1338 962 1396 risus
977 1343 1060 1407 esset,
1088 1353 1119 1396 se
1134 1340 1232 1398 omnia

114 1433 167 1491 illa
188 1433 306 1492 credere
320 1434 482 1506 profitetur,
504 1436 690 1507 omnibusque
705 1435 816 1496 viribus
829 1436 967 1508 Hypatis,
986 1451 1041 1506 quo
1057 1435 1230 1505 devertitur,

114 1530 207 1589 anniti
229 1530 391 1602 constituit,
424 1535 458 1588 ut
478 1531 540 1604 ipse
562 1531 621 1590 tale
648 1532 715 1603 quid
737 1533 804 1589 miri
827 1532 933 1590 videat.
977 1530 1106 1603 Cumque
1126 1533 1182 1592 hoc
1204 1535 1231 1592 ei

117 1627 301 1699 contigisset,
334 1632 365 1685 et
390 1628 512 1700 hospitis
543 1628 586 1687 sui
610 1645 738 1701 uxorem,
765 1645 839 1701 quae
864 1631 978 1702 etipsa
1003 1630 1076 1687 artis
1101 1631 1231 1702 magicae

116 1723 292 1797 peritissima
323 1730 398 1797 erat,
434 1724 557 1783 ancillae
588 1726 695 1783 auxilio
728 1726 924 1799 conspexisset
955 1728 985 1784 in
1019 1743 1102 1785 avem
1132 1733 1227 1786 trans·
1273 1792 1276 1796 ⁴

115 1821 280 1895 formatam,
308 1821 367 1878 iam
387 1823 424 1879 ab
444 1822 496 1879 illa
515 1823 732 1895 impensissimis
752 1824 885 1895 precibus
906 1824 990 1895 petit,
1011 1828 1045 1881 ut
1064 1840 1096 1882 se
1115 1840 1230 1895 quoquc

114 1918 146 1976 in
168 1919 256 1976 aliam
278 1919 402 1994 speciem
423 1923 582 1989 convertat,
603 1924 636 1977 ut
655 1921 780 1993 experiri
800 1920 901 1992 possit,
921 1937 989 1978 num
1002 1920 1096 1979 forma
1117 1925 1231 1980 mutata

117 2032 232 2074 sensum
252 2017 406 2073 humanum
429 2021 592 2074 retenturus
617 2019 663 2075 sit.
706 2017 763 2075 Sed
788 2017 905 2090 plurimi
925 2022 985 2075 stat
1005 2018 1032 2075 ei
1052 2018 1123 2075 baec
1143 2019 1234 2076 nimia

115 2113 276 2172 curiositas.
316 2112 452 2171 Ancillae
473 2114 547 2172 enim
569 2115 701 2173 socordia
721 2129 773 2188 pro
795 2131 847 2173 ave
868 2115 898 2172 in
918 2117 1028 2174 asinum
1049 2121 1180 2174 mutatur
1201 2121 1231 2176 et

118 2227 136 2268 a
156 2209 317 2268 latronibus
337 2209 567 2282 inrumpentibus
587 2228 645 2269 una
665 2228 729 2270 cum
757 2228 830 2283 equo
851 2228 903 2270 suo
924 2213 1085 2271 abducitur.
1127 2211 1229 2286 Atque

116 2307 175 2365 iam
197 2306 411 2365 calamitatibus
432 2307 688 2366 innumerabilibus
715 2309 813 2379 cisque
834 2326 920 2382 saepe
943 2309 1074 2368 ridiculis
1094 2315 1229 2379 vexatur,

116 2404 183 2461 dum
198 2403 338 2476 singulari
352 2404 415 2462 eius
430 2404 579 2463 docilitate
600 2421 668 2464 casu
683 2406 798 2478 cognita
816 2406 853 2464 ad
867 2406 1015 2464 meliorem
1028 2406 1106 2464 vitae
1120 2411 1230 2464 statum

116 2501 245 2574 pervenit
260 2501 432 2572 tandemque
452 2502 482 2558 in
503 2504 618 2560 theatro
633 2503 883 2561 Thessalonicensi
901 2503 1086 2561 reformatur.
1128 2501 1229 2574 Atque

117 2614 180 2656 cum
203 2601 384 2670 spectatores
409 2603 443 2657 ut
468 2615 584 2670 magum
610 2615 675 2656 eum
706 2599 874 2658 comburere
905 2600 1024 2669 vellent,
1057 2614 1141 2657 casus
1165 2614 1232 2658 suos

118 2695 248 2752 omnibus
279 2695 411 2766 exponit,
444 2695 524 2766 sique
556 2712 587 2753 se
614 2695 731 2753 mentiri
756 2699 858 2767 putent
882 2696 957 2770 petit
982 2695 1166 2768 apraeside,
1199 2700 1232 2753 ut

119 2792 230 2850 tamdiu
251 2792 282 2848 in
303 2791 433 2849 custodia
458 2797 602 2864 teneatur,
636 2792 701 2850 dum
728 2793 779 2850 illa
800 2794 894 2851 omnia
919 2793 1041 2851 testibus
1063 2791 1233 2851 confirmata

119 2889 186 2947 sint.
219 2887 352 2946 Postulat
366 2893 434 2946 tunc
447 2905 570 2961 praeses,
593 2895 627 2947 ct
646 2905 750 2948 nomen
770 2891 949 2962 patriamque
970 2906 1052 2949 suum
1073 2890 1166 2964 dicat;
1182 2889 1233 2948 sed

120 2985 170 3044 vix
185 2985 244 3042 illis
258 2985 365 3043 auditis
379 2985 478 3043 statim
499 2986 681 3060 amplexatur
695 3003 758 3044 eum
775 2987 920 3058 filiumque
934 3003 999 3046 esse
1011 2988 1155 3045 hominum
1177 2988 1234 3045 sibi

120 3083 333 3141 carissimorum
347 3081 508 3155 profitetur,
521 3098 604 3152 quern
619 3099 676 3141 non
691 3084 808 3142 mentiri
821 3099 903 3155 posse
913 3083 969 3141 sibi
980 3098 1146 3155 persuasum
1160 3098 1234 3145 esse.

197 3180 261 3237 Hoc
282 3183 327 3237 est
346 3184 546 3251 argumentum
562 3179 656 3249 ,Lucii
669 3178 828 3238 Patrensis‘
843 3180 942 3238 libelli.
975 3181 1036 3238 Iam
1050 3181 1076 3239 81
1090 3180 1233 3252 ponimus,

120 3277 293 3349 scriptorem
314 3275 365 3333 illo
385 3276 448 3334 loco
464 3276 597 3333 mutilato
613 3275 814 3348 significatum,
837 3278 885 3347 qui
906 3272 1053 3353 lotopudd)
1074 3275 1121 3336 καί
1141 3273 1255 3334 ἄλλοί

119 3372 272 3450 συγγραφέα
287 3389 318 3430 se
333 3373 396 3445 ipse
411 3373 540 3445 appellat
554 3371 642 3431 fuisse
656 3369 974 3449 paradoxographum³l
989 3374 1126 3432 mirarum
1139 3371 1235 3432 Meta·

191 3538 285 3608 ¹)'Vix
305 3540 358 3606 est,
379 3536 454 3607 quod
471 3553 600 3592 moneam
617 3554 662 3593 me
680 3539 710 3593 in
728 3539 781 3593 hoc
797 3539 947 3593 summario
967 3555 1028 3594 cam
1044 3538 1128 3592 huius
1145 3537 1236 3595 libelli

118 3626 238 3682 formam
256 3626 345 3696 sequi,
365 3641 448 3695 quam
467 3627 611 3695 superiore
630 3627 819 3696 disputatione
837 3627 957 3682 restitui.

35 3772 37 3776 ,
194 3716 214 3785 ²)
234 3714 337 3769 Vocem
349 3711 466 3786 ἱστοριῶν
480 3716 558 3784 patet
570 3713 624 3768 hoc
636 3714 696 3768 loco
715 3715 824 3768 nonita
837 3713 964 3783 intellegi
974 3730 1065 3784 posse,
1087 3716 1119 3769 ut
1131 3713 1234 3769 Lucius

122 3803 172 3858 ille
191 3803 340 3858 historicus
358 3801 455 3871 fuerit,
479 3802 553 3872 quod
571 3801 701 3856 Rohdcus
723 3802 812 3856 voluit
829 3803 859 3857 in
877 3802 972 3858 libello
992 3819 1041 3857 suo
1061 3819 1088 3872 p.
1107 3803 1156 3871 24,
1185 3802 1235 3857 sed

120 3892 219 3946 eodem
243 3907 327 3945 sensu
354 3891 475 3959 positam
504 3906 565 3945 esse
594 3892 678 3960 atque
705 3890 833 3945 inlibris
852 3890 968 3946 Luciani
996 3889 1099 3963 ἀληθὴς
1127 3890 1235 3964 ἱστορία,

119 3979 230 4034 Aeliani
248 3971 349 4050 ποικίλη
369 3975 475 4049 ἱστορία,
494 3978 647 4034 Ptolemaei
670 3978 743 4051 καινὴ
762 3976 861 4052 ἱστορία
879 3980 942 4036 alia.

192 4066 211 4136 ³)
232 4065 302 4122 (lum
320 4066 372 4121 hac
391 4084 421 4122 re
446 4068 595 4122 cohaerere
613 4067 723 4123 videtur
741 4067 872 4139 frequens
894 4069 969 4123 vocis
993 4067 1139 4140 παράδοξος
1167 4079 1246 4124 usus

118 4155 149 4210 in
168 4155 221 4210 hoc
239 4155 334 4211 libello
353 4156 459 4213 obvius.
487 4155 550 4211 vide
569 4171 648 4226 capp.
667 4160 693 4227 4,
712 4159 737 4227 b,
758 4159 799 4226 11,
818 4160 853 4212 48
873 4157 949 4227 (bis),
966 4159 1010 4226 49,
1030 4157 1073 4212 50.
